1980 3134
457 110 536 155 III.
582 108 1014 155 FRAGMENTUM
1043 110 1532 156 MEDIOLANENSE.
1741 115 1840 167 101

152 237 335 290 oculus
362 238 427 289 ab
456 238 732 290 oculendo,
784 238 925 289 auris
953 237 1020 290 ab
1044 237 1338 291 hauriendo
1366 239 1605 291 auditum
1631 239 1838 293 dicitur.

147 311 332 376 pectus
379 325 410 359 a
457 307 833 376 philosophica
883 309 1152 361 latinitate
1201 327 1319 362 cum
1371 309 1731 363 additamento
1781 329 1839 361 ·s·

149 379 399 430 scribitur
445 396 509 430 ex
557 396 618 430 eo
665 379 804 446 quod
852 382 1058 447 spectat
1094 379 1159 431 acl
1198 380 1368 432 cordis
1407 384 1626 433 secreta.
1701 381 1841 433 unde

148 448 394 515 lucanUS‚
443 449 655 517 quando
704 467 761 500 as
800 454 1013 517 pectore
1053 450 1279 502 colitant
1316 450 1686 518 cogitationes,
1749 452 1841 503 sed

148 537 244 570 nos
271 524 455 587 pectus
482 537 512 570 a
537 519 878 587 pectinandO,
914 521 969 571 id
995 523 1076 572 est
1097 521 1442 573 discernendo
1464 522 1837 590 cogit-amenta.
1884 537 1905 570 5

147 589 287 641 unde
324 590 383 641 in
418 590 636 641 modum
673 589 841 658 pectis
880 590 1156 642 cuiusdam
1204 592 1366 643 etiam
1400 591 1684 644 uisibiliter
1721 609 1841 644 con-

148 662 364 727 pactum
402 663 499 711 est.
561 660 698 712 unde
747 662 799 712 et
837 678 971 729 quae
1010 661 1067 712 in
1104 664 1316 729 pectore
1353 662 1493 714 male
1532 662 1843 730 cogitantur

147 733 366 797 peccata
404 730 664 782 dicuntur
727 731 890 782 ubera
926 731 1143 783 nonnisi
1179 731 1458 784 mulierum
1507 732 1612 784 dici
1647 731 1844 784 debent

148 800 214 852 ab
252 800 496 852 ubertate
534 801 702 853 lactis
767 801 812 852 si
839 801 955 879 quis
983 802 1039 853 in
1063 802 1193 853 uiris
1231 802 1395 854 ubera
1420 802 1649 855 uoluerit
1673 803 1843 854 nomi-

147 888 301 938 nare,
339 871 518 923 uirilia
555 873 736 938 erunt,
776 889 865 938 qul
900 871 1147 924 humores
1181 873 1506 925 inundanter
1532 873 1841 925 exuberant.
1867 890 1906 920 10

148 940 454 1009 philosophi
509 942 764 994 uirtutem
813 945 866 993 et
921 959 1147 994 cursum·
1202 942 1344 994 man·
1404 948 1456 994 et
1509 944 1632 1012 pen·
1687 961 1842 996 uoca-

146 1014 360 1065 uerunt.
434 1029 658 1080 quorum
706 1013 985 1064 nominum
1032 1030 1127 1081 per
1172 1030 1353 1065 omnes
1405 1031 1555 1066 casus
1592 1031 1844 1066 numeros

149 1098 346 1150 genera
381 1084 700 1151 monoptata
746 1083 1030 1135 declinatio
1069 1085 1167 1135 est.
1231 1101 1262 1135 a
1297 1081 1424 1134 mali
1458 1100 1585 1152 ergo
1622 1083 1725 1136 hoc
1764 1087 1845 1135 est

146 1154 346 1204 uirtute
393 1170 582 1204 manus
629 1153 926 1221 appellatae
977 1156 1102 1205 sunt
1149 1155 1203 1205 et
1247 1171 1277 1205 a
1318 1154 1424 1222 pen
1466 1154 1653 1222 pedeS‚
1702 1154 1844 1222 quod

148 1241 180 1274 a
220 1240 375 1275 cursu
424 1225 534 1274 est.‘
593 1223 734 1275 labia
781 1241 846 1275 ex
883 1223 1063 1275 labore
1109 1223 1378 1292 loquendi.
1456 1241 1648 1276 aeneas
1693 1242 1842 1276 meus
1867 1238 1908 1270 15

149 1311 307 1362 super
343 1311 540 1346 nomen
577 1293 720 1346 aliud
757 1294 1043 1363 intellegit.
1107 1294 1173 1345 ob
1211 1295 1314 1346 hoc
1350 1295 1535 1363 inquid
1574 1294 1717 1346 labia
1756 1311 1843 1346 uo-

151 1368 363 1428 cantur,
422 1365 545 1432 quia
597 1364 812 1416 cottidie
864 1382 960 1433 per
1004 1365 1170 1416 uerba
1224 1365 1282 1416 in
1332 1365 1526 1417 uitium
1573 1364 1844 1417 labuntur.

149 1435 284 1503 lapis
312 1434 375 1486 de
400 1434 573 1503 lapsu,
628 1434 718 1486 sed
746 1435 906 1486 altius
932 1434 1136 1503 lapides
1164 1434 1412 1487 dicuntur
1439 1435 1503 1487 de
1529 1452 1624 1486 sua
1648 1435 1844 1504 lampa-

148 1505 338 1572 ditate,
378 1507 502 1573 quia
540 1522 606 1557 ex
643 1505 719 1557 eis
757 1505 1027 1574 lampades
1064 1505 1233 1574 igitur
1266 1506 1647 1558 accenduntur.
1706 1505 1846 1557 unde

149 1578 203 1627 et
249 1575 451 1655 lapides
498 1575 726 1644 preciosi
775 1593 840 1628 ex
888 1576 1050 1628 insito
1098 1576 1199 1627 sibi
1238 1575 1536 1644 splendore.
1602 1593 1728 1627 saxa
1766 1576 1845 1627 in·
1867 1587 1910 1619 20

148 1646 328 1697 mania
384 1649 437 1698 et
490 1645 782 1698 inmobilia.
863 1649 1017 1714 petra
1073 1647 1139 1698 de
1204 1646 1421 1698 duricia.
1497 1663 1655 1698 omne
1703 1646 1847 1697 enim

151 1717 340 1768 durum
387 1719 441 1768 et
487 1716 817 1768 indomatum
868 1718 1007 1785 apud
1044 1719 1252 1768 ueteres
1289 1720 1500 1785 petrum
1537 1716 1846 1796 uocabatur.

148 1788 288 1856 quod
328 1804 689 1855 quaecumque
729 1804 926 1839 nomen
972 1789 1031 1838 ut
1065 1787 1241 1839 uerba.
1305 1786 1594 1839 secundum
1630 1786 1848 1855 propin-

148 1858 406 1926 quitatem
453 1875 561 1908 non
606 1858 918 1910 sonauerint
954 1857 1246 1910 secundum
1283 1874 1498 1909 sensum
1536 1859 1589 1909 et
1627 1873 1847 1909 consue-

147 1927 359 1980 tudines
398 1927 779 1998 scripturarum
818 1927 1169 1998 intelligenda
1206 1931 1344 1980 sunt.
1405 1945 1614 1979 menses
1643 1945 1675 1978 a
1698 1944 1845 1979 men·
1869 1939 1911 1972 25

149 2015 287 2050 sura.
351 2000 557 2050 ueteres
604 2016 636 2050 a
681 2016 881 2052 mensa.
943 2016 1004 2050 eo
1049 1999 1190 2067 quod
1238 2015 1571 2050 communem
1607 2015 1848 2049 mensam

149 2068 394 2121 omnibus
444 2069 554 2120 suis
603 2069 868 2121 fructibus
914 2069 1135 2121 faciant.
1195 2069 1337 2120 unde
1385 2071 1438 2120 et
1483 2068 1700 2120 iemales
1738 2084 1846 2118 non

148 2157 355 2191 menses
402 2139 535 2206 dici,
589 2140 678 2191 sed
728 2141 902 2208 spatia
948 2138 1152 2192 uolunt.
1218 2139 1390 2208 gloria
1441 2155 1502 2190 ex
1541 2156 1601 2190 eo
1639 2138 1845 2199 dicitur,

150 2211 276 2278 quia
333 2210 429 2262 alti
484 2209 676 2279 quique
733 2212 794 2262 ut
841 2213 965 2262 sunt
1011 2210 1085 2261 dii
1131 2210 1272 2279 apud
1319 2208 1628 2277 philosophi
1676 2207 1849 2277 glores

151 2280 413 2332 dicuntur.
489 2281 580 2332 sed
629 2281 830 2333 cercius
876 2281 1100 2349 gloriam
1155 2298 1187 2332 a
1240 2279 1627 2349 glorificatione
1674 2277 1845 2329 laudis
1868 2292 1912 2324 30

150 2351 359 2402 dicitur.
432 2349 536 2402 hoc
585 2350 859 2402 sciendum
898 2352 1038 2418 quod
1076 2350 1256 2401 omnia
1294 2366 1428 2417 pene
1466 2348 1606 2417 apud
1643 2350 1850 2400 ueteres

152 2421 282 2490 aliat
337 2420 652 2472 dicebantur
707 2423 760 2472 et
814 2438 957 2472 nunc
1013 2420 1152 2488 apud
1217 2437 1315 2471 nos
1382 2419 1511 2471 aliat
1567 2418 1847 2470 habentur.

153 2507 216 2541 ex
264 2490 453 2570 quibus
501 2494 579 2542 est
626 2491 801 2559 gratia
850 2508 1010 2558 quam
1064 2508 1176 2542 esse
1231 2489 1456 2541 dicimus
1500 2488 1639 2557 quod
1681 2489 1849 2557 gratis

153 2564 206 2612 et
273 2561 388 2612 sine
449 2561 628 2628 precio
689 2561 959 2629 accipitur.
1044 2560 1124 2611 illi
1182 2560 1450 2628 gratulam
1511 2558 1759 2611 dicebant
1820 2575 1851 2608 a

153 2630 528 2699 gratulatione.
596 2648 697 2683 nos
744 2631 968 2683 dicimus
1016 2629 1287 2682 brachiam
1336 2648 1399 2682 ex
1444 2629 1660 2681 hracho,
1733 2628 1848 2679 bra·
1873 2643 1913 2675 35

155 2701 333 2753 chium
370 2702 512 2753 enim
547 2702 605 2753 in
641 2701 908 2754 latinitate
942 2700 1315 2770 philosophica
1345 2699 1604 2752 fortitudo
1642 2698 1847 2751 dicitur.

152 2772 232 2823 illi
283 2789 410 2824 uero
464 2773 852 2840 protentorium
907 2772 1169 2824 uocabant
1224 2772 1289 2823 ab
1348 2788 1407 2822 eo
1454 2770 1595 2839 quod
1637 2772 1849 2838 proten-

156 2842 314 2894 ditur.
391 2860 488 2894 nos
544 2842 766 2894 dicimus
822 2841 1008 2895 dentes
1056 2841 1196 2911 quod
1245 2840 1416 2894 edent.
1493 2844 1553 2893 ut
1600 2839 1727 2892 dent
1773 2839 1848 2890 lo-
