1980 3134
187 90 256 143 58
574 89 831 134 VIRGILII
861 87 1137 134 MARONIS
1168 88 1497 134 EPITOMAE.

186 217 343 283 floreo
361 216 496 270 luceo
512 216 688 283 fcrueo
701 218 856 271 calce.
881 217 1085 283 feruere
1096 218 1274 268 autem
1289 233 1321 268 a
1332 215 1447 268 fero
1461 219 1610 269 aestu
1622 217 1879 286 libidinis,

188 287 353 340 calere
389 304 515 340 uero
553 305 585 339 a
621 287 859 355 eorporis
884 287 1215 355 intellegitur
1250 285 1436 338 calore.
1492 287 1655 340 uerba
1679 295 1876 356 autem,

188 375 322 426 quae
371 360 590 425 propter
637 357 909 410 literarum
957 356 1357 410 similitudinem
1403 356 1762 427 inchogatiuis
1811 359 1880 412 si-

187 427 337 479 milia
374 428 441 479 ab
478 428 705 480 incautis
743 430 1117 495 aestimantur,
1156 427 1287 480 haec
1324 430 1450 480 sunt
1487 429 1720 482 erubesco
1757 447 1876 485 coa-

145 515 166 548 5
189 498 314 552 lesco
340 515 579 566 coynosco
606 515 826 566 aynosco
851 500 1074 567 iynosoe.
1113 497 1206 550 sed
1231 498 1354 566 quia
1377 498 1508 551 haec
1529 499 1879 567 praeteritum

186 572 395 636 tempus
431 568 632 621 habent
667 568 1016 638 inchogatiua
1049 586 1162 621 esse
1198 586 1310 621 non
1349 572 1590 636 possunt.
1655 570 1877 623 dicimus

187 639 331 690 enim
368 639 553 692 erubui
589 640 761 692 coalui
796 640 978 707 iynoui
1014 640 1234 707 coquom
1270 640 1480 707 aynoui.

328 708 408 761 De
453 709 623 762 initiis
668 710 890 779 gerendi
935 710 1086 762 uerbi
1133 709 1511 777 explanatione
1556 710 1698 762 facta
1734 711 1881 763 uelut

187 778 500 847 quibusdam
546 780 907 833 fundamentis
954 780 1271 849 suppositiS,
1318 798 1462 832 nunc
1511 780 1574 832 de
1626 781 1881 850 coniuga-

123 869 165 900 10
186 851 334 902 tione
361 851 476 919 ipsa
502 850 782 903 dicendum
807 855 901 904 est.
955 851 1358 920 coniugationes
1383 854 1493 902 tres
1519 854 1667 903 sunt:
1708 852 1882 919 prima

186 920 252 972 ab
290 938 341 989 a,
381 922 615 973 secunda
652 921 719 974 ab
757 939 799 990 e,
836 922 997 975 tertia
1033 921 1101 973 ab
1124 924 1162 974 i.
1213 921 1370 973 multi
1408 920 1694 990 diligenter
1719 939 1879 974 euen-

189 991 368 1058 tilant,
408 1009 570 1059 quare
609 992 917 1062 coniugatio
954 992 1025 1045 sit
1060 992 1217 1044 dicta.
1283 991 1500 1060 quidam
1539 992 1752 1059 quidem
1776 992 1879 1045 hoc

185 1061 244 1113 in
280 1062 387 1114 fine
425 1062 640 1131 habent,
679 1062 821 1131 quod
857 1063 976 1124 ideo
1005 1061 1315 1131 coniugatio
1343 1065 1579 1128 uocetur,
1620 1063 1744 1130 quia
1766 1065 1881 1116 tota

188 1131 428 1185 latinitas
465 1132 548 1185 his
585 1133 757 1186 tribus
796 1133 1266 1202 coniugationibus
1304 1132 1451 1184 uelut
1487 1132 1715 1200 quodam
1750 1133 1877 1202 iugo

123 1219 163 1252 15
186 1205 529 1257 sustentatur.
603 1204 695 1256 alii
732 1222 858 1257 uero
894 1207 1115 1273 propter
1161 1203 1403 1258 ordinem
1447 1202 1722 1255 literarum
1757 1221 1878 1256 con-

186 1273 488 1342 iugationes
534 1274 820 1327 uerborum
864 1277 1059 1343 putant
1099 1291 1212 1327 esse
1250 1273 1569 1326 ordinandas
1607 1292 1697 1342 e0‚
1738 1273 1881 1343 quod

185 1343 286 1396 hae
322 1343 509 1397 literae
546 1345 733 1413 iugum
771 1344 1036 1413 quoddam
1072 1344 1248 1397 uerbis
1285 1346 1559 1412 praestant
1595 1362 1627 1396 a
1665 1363 1719 1397 se
1757 1362 1879 1413 por-

183 1413 380 1467 tandis.
456 1415 705 1468 nonnulli
742 1416 903 1468 etiam
940 1417 1008 1468 ab
1046 1415 1149 1468 hoc
1185 1415 1590 1484 coniugationes
1628 1415 1733 1468 dici
1770 1433 1880 1468 cre-

186 1484 341 1547 dunt,
393 1486 519 1554 quia
555 1486 970 1555 uniuscuiusque
1008 1486 1292 1540 declinatio
1325 1486 1636 1538 inueniatur
1657 1486 1725 1541 ,in
1758 1486 1877 1538 alia.

119 1573 163 1605 20
186 1554 286 1608 hoc
332 1574 490 1608 nosse
528 1556 805 1624 debemuS,
855 1557 998 1625 quod
1034 1557 1443 1624 uniuscuiusque
1484 1556 1879 1626 coniugationis

187 1626 407 1678 uerbum
444 1626 639 1695 duplex
675 1627 915 1680 futurum
953 1632 1162 1697 tempus
1199 1627 1410 1680 habeat.
1472 1627 1697 1679 dicimus
1736 1627 1878 1683 enim

184 1698 511 1764 iazterroyabo
549 1700 603 1750 et
626 1699 949 1766 interr-oqam
968 1716 1057 1767 908
1076 1703 1173 1768 yet,
1210 1698 1393 1751 uidebo
1418 1699 1647 1764 uideam,
1686 1698 1878 1750 audibo

184 1768 431 1833 audiam,
481 1785 640 1836 aqam
678 1770 849 1836 ayebo.
924 1772 1052 1822 sunt
1089 1773 1142 1822 et
1178 1768 1285 1820 alia
1322 1768 1487 1820 uerba
1523 1767 1748 1835 duplicis
1783 1784 1879 1836 per

185 1839 366 1890 omnia
413 1839 807 1907 coniugationis
853 1842 914 1891 ut
961 1841 1087 1893 aido
1133 1840 1315 1906 uida-3,
1361 1839 1511 1891 uideo
1547 1839 1710 1891 uides.
1786 1838 1877 1890 sed

117 1923 160 1957 25
182 1908 306 1960 aido
345 1908 409 1960 ad
448 1910 641 1961 mentis
680 1910 860 1962 oculos
898 1909 1279 1978 refici-endum,
1326 1910 1477 1962 uideo
1516 1908 1582 1960 ad
1619 1909 1875 1961 carnales,

300 2138 317 2175 1
342 2133 548 2177 servasta
568 2134 635 2187 P,
662 2133 847 2177 fervore
870 2133 913 2175 ·i·
935 2135 1069 2177 aestu
1092 2134 1207 2179 coni.
1230 2133 1400 2177 Hartel
1421 2134 1436 2189 ΙΙ
1461 2138 1482 2175 1
1502 2133 1534 2180 f.
1556 2133 1671 2180 ferv.
1692 2133 1749 2177 de
1771 2133 1875 2176 libi·

183 2201 291 2260 dini}
323 2219 365 2271 (e
396 2217 740 2282 eorm-dicitur
778 2201 1097 2282 cmg-reffero·
1123 2231 1151 2260 a
1188 2217 1343 2261 calore
1383 2217 1588 2280 corporis
1625 2217 1682 2260 N
1710 2218 1725 2272 ΙΙ
1763 2222 1873 2261 2-7

183 2273 556 2330 verba-agnovi
585 2286 669 2317 om.
693 2273 750 2318 N
764 2275 779 2330 ΙΙ
801 2280 826 2318 3
857 2273 1159 2317 elmilitudine
1189 2275 1236 2318 P
1294 2279 1321 2317 4
1347 2274 1626 2317 estlmantur
1654 2274 1700 2316 P
1721 2274 1736 2328 ΙΙ
1759 2278 1784 2317 8
1817 2273 1872 2317 de

185 2328 303 2372 inivi
334 2332 438 2373 sunt
467 2331 653 2375 serendi
672 2330 741 2384 P,
774 2329 832 2374 de
862 2330 990 2373 initis
1021 2329 1217 2387 gerendi
1321 2331 1328 2386 Ι
1354 2329 1500 2373 verba
1527 2329 1582 2373 N
1598 2330 1613 2384 ΙΙ
1635 2329 1779 2384 facta]
1811 2342 1875 2373 se-

214 2386 347 2429 uitur
375 2384 440 2432 &E
464 2385 925 2430 CONIUGATIONE
949 2385 1304 2443 coniugationes
1333 2387 1389 2430 in
1406 2385 1462 2429 N
1476 2387 1491 2441 ΙΙ
1517 2390 1568 2429 10
1598 2387 1706 2429 sunt
1725 2398 1806 2430 om.
1828 2388 1874 2430 P

201 2444 204 2496 ξ
228 2442 316 2507 qu.
337 2444 445 2507 sunt
465 2442 525 2507 ab
546 2456 575 2486 a
594 2442 652 2486 ab
670 2456 695 2486 e
713 2442 771 2486 ab
788 2441 806 2485 i
826 2442 883 2507 N
897 2443 912 2499 11
935 2442 1186 2506 diligentes
1202 2443 1247 2487 P
1268 2443 1284 2499 ΙΙ
1309 2447 1473 2508 127-14
1498 2441 1736 2506 quaeritur
1752 2455 1872 2506 quae

181 2499 736 2599 ffifflsgssssittffllaoffiffi
752 2500 1030 2611 (ῖοὲὲὲἕῗῗέ
1066 2498 1795 2612 Ξθῇῆξὲἰῗῗέἶὲῗέὲῗέἓῗὲῗη
1803 2497 1890 2598 ¹²1¹&

186 2609 206 2665 ΙΙ
229 2614 277 2653 17
296 2610 380 2669 che
400 2611 445 2654 P
465 2612 481 2667 ΙΙ
507 2570 557 2656 (118
580 2590 1000 2668 coniugationis‘P¹
1017 2589 1155 2667 eorm
1180 2569 1530 2667 coniugationegs
1553 2623 1652 2654 esse
1678 2588 1874 2676 credunt

182 2693 242 2736 ab
273 2693 361 2737 hoc
393 2694 478 2750 Nn
505 2700 554 2740 19
584 2695 719 2740 inver
748 2696 888 2740 datur
920 2695 993 2750 (rd
1013 2699 1054 2748 P)
1073 2695 1159 2751 Nn
1181 2696 1229 2739 in
1250 2695 1345 2740 alia
1364 2708 1447 2740 om.
1467 2694 1552 2750 Nn
1574 2699 1628 2738 20
1649 2677 1872 2738 debemus

180 2750 226 2793 P
248 2750 263 2804 ΙΙ
285 2754 338 2793 22
368 2751 656 2816 interrogem
687 2751 744 2796 N
764 2753 780 2808 ΙΙ
809 2757 863 2796 23
894 2751 954 2795 ad
983 2752 1062 2795 dia
1091 2752 1155 2808 (d¹
1187 2765 1242 2796 ex
1270 2753 1307 2807 t)
1337 2753 1383 2797 P
1412 2752 1428 2807 ΙΙ
1458 2755 1511 2796 23
1528 2753 1557 2793 f.
1589 2764 1674 2805 per
1712 2763 1872 2795 omnes

183 2817 534 2890 coniugationes
563 2835 619 2879 N
641 2836 656 2891 ΙΙ
685 2841 739 2880 25
777 2836 838 2880 ad
875 2837 1045 2880 mentis
1075 2818 1233 2894 ocul‘i's
1264 2836 1319 2879 di'·
1341 2835 1403 2880 N.
