1980 3134
717 87 772 135 v.
819 87 900 132 DE
931 87 1185 134 NOMINE.
1727 91 1794 144 41

103 216 324 269 tertium
361 233 534 286 genus
569 232 681 268 non
707 214 925 267 habent.
989 216 1033 267 si
1059 219 1236 269 autem
1263 233 1292 268 a
1316 215 1576 285 feminino
1603 233 1798 286 genere

104 286 373 354 uenerint,
411 289 528 339 trea
565 302 762 354 genera
798 285 855 337 in
894 285 1111 339 adiectis
1148 286 1424 339 habebunt
1447 290 1507 340 ut
1531 290 1613 340 est
1638 288 1797 342 beati-

104 359 257 426 tudo,
308 375 372 410 ex
418 374 520 425 qua
565 356 800 408 nascitur
850 356 1027 409 beatus
1065 358 1214 411 beata
1250 357 1471 410 beatum.
1547 358 1706 410 simul
1744 361 1797 410 et

103 428 206 482 hoc
244 427 485 492 adtende,
525 426 666 494 quod
702 426 884 478 omnia
910 427 1207 496 originalia,
1244 445 1382 496 quae
1418 429 1540 480 ante
1573 429 1798 481 nouissi-

106 517 249 551 mam
285 497 543 566 syllabam
581 515 617 550 a
641 495 944 563 habuerint,
983 498 1150 550 uerba
1176 498 1379 566 primae
1406 498 1796 568 coniugationis
1840 512 1861 545 5

108 586 316 637 semper
361 567 719 636 procreabunt
766 570 827 620 ut
873 572 954 619 est
990 569 1159 621 oratio
1196 585 1285 621 oro
1323 585 1462 624 oras,
1537 571 1581 621 si
1620 571 1799 621 autem

108 642 233 692 ante
283 636 506 690 eandem
545 637 803 705 syllabam
840 638 862 690 i
897 637 1210 706 habuerint,
1250 639 1414 691 uerba
1449 639 1637 692 tertiae
1677 657 1799 692 con-

103 708 390 779 jugationis
436 707 727 776 productae
776 725 839 759 ex
886 725 942 760 se
988 707 1197 761 faciunt
1242 709 1425 761 uenire
1479 712 1541 761 ut
1578 710 1800 763 eruditio

105 780 301 833 erudio.
378 776 641 830 secundae
688 780 867 830 autem
922 779 1316 848 coniugationis
1353 779 1646 848 tertiaeque
1686 797 1798 832 cor-

103 852 288 919 reptae
325 849 610 901 uerborum
636 848 921 918 originalia
945 848 1286 901 indiscretam
1312 849 1554 917 regulam
1578 850 1797 903 habent.
1824 863 1864 894 10

103 921 247 973 inter
283 920 634 987 operationem
671 922 726 971 et
760 935 889 987 opus
925 921 979 971 et
1016 936 1226 987 operam
1251 920 1355 972 hoc
1380 920 1619 987 interest,
1661 920 1802 988 quod

107 991 336 1060 operatio
385 990 659 1059 signorum
698 991 802 1057 est,
850 1005 978 1057 opus
1014 990 1263 1059 generale
1302 993 1382 1043 est
1419 990 1565 1042 omni
1603 989 1800 1059 officie,

106 1078 265 1130 opera
302 1062 483 1112 autem
519 1059 780 1130 singulari
815 1077 1037 1112 numero
1074 1060 1339 1113 laboriosa
1375 1060 1676 1114 sollicitudo
1704 1063 1799 1129 est,
1838 1076 1840 1078 ’

107 1149 242 1203 quae
280 1130 562 1199 praecipue
601 1130 834 1182 animam
872 1131 1086 1183 cruciat.
1143 1130 1392 1183 nonnulli
1428 1131 1506 1183 ita
1543 1132 1800 1200 sentiunt,

107 1202 249 1271 quod
289 1202 427 1255 locus
450 1200 732 1254 masculini
758 1201 969 1270 generis
995 1201 1065 1253 sit
1091 1203 1144 1253 et
1170 1202 1281 1255 loca
1304 1201 1581 1270 neutraliS,
1608 1202 1801 1270 quibus
1825 1214 1865 1246 15

109 1271 398 1326 auctoritas
444 1271 687 1324 lectionis
732 1289 845 1323 non
889 1271 1098 1324 annuit.
1172 1289 1299 1323 nam
1337 1289 1461 1340 sepe
1498 1272 1801 1325 inuenimus

109 1345 275 1398 locum
308 1342 607 1395 masculino
642 1358 852 1411 genere,
891 1343 982 1410 qui
1019 1341 1218 1394 habeat
1253 1342 1532 1410 pluraliter
1568 1343 1713 1411 Ζοσοε,
1749 1345 1803 1395 et

105 1413 339 1467 neutrali
375 1429 570 1481 genere
607 1412 774 1466 locum
812 1415 915 1480 est,
957 1412 1096 1480 quod
1133 1412 1263 1465 facit
1301 1413 1442 1478 loca;
1481 1412 1556 1465 sic
1582 1415 1636 1464 et
1660 1415 1803 1467 iocus

107 1487 162 1537 et
197 1483 476 1552 pluraliter
511 1484 638 1552 ioci,
683 1482 814 1535 item
849 1483 1020 1537 iocum
1057 1485 1112 1535 et
1147 1482 1278 1535 facit
1312 1484 1444 1537 ioca.
1499 1485 1647 1551 reyia
1682 1483 1804 1535 aula

107 1555 248 1625 regis
275 1554 393 1622 erit,
431 1570 650 1621 reynum
680 1552 738 1604 in
764 1553 881 1621 ipsa
907 1553 1221 1605 substantia.
1279 1555 1405 1606 sunt
1430 1570 1608 1607 cassus
1635 1556 1802 1606 extra·
1825 1567 1867 1601 20

111 1625 410 1677 ordinariae
449 1623 824 1676 declinationis
862 1626 923 1676 ut
959 1625 1083 1691 Opia
1113 1625 1262 1690 opiae
1287 1626 1340 1676 et
1364 1623 1643 1692 pluraliter
1669 1640 1800 1692 opes.

110 1698 164 1748 at
191 1696 396 1765 figurae
424 1694 761 1762 conpossitae
786 1695 1009 1762 uterque
1036 1711 1213 1746 cassus
1239 1694 1296 1746 in
1322 1711 1416 1747 suo
1435 1697 1578 1747 statu
1594 1695 1804 1764 integer

109 1769 389 1835 permanet
425 1764 479 1816 id
506 1769 587 1816 est
611 1765 794 1833 inopia
821 1767 875 1817 et
898 1766 1063 1833 inops,
1103 1765 1266 1818 bonus
1291 1767 1346 1817 et
1370 1765 1530 1819 boni&
1582 1765 1804 1833 ute'rque

110 1838 169 1889 in
214 1854 310 1888 sua
357 1834 713 1887 declinatione
759 1835 1060 1903 repperitur
1097 1834 1308 1887 dicente
1346 1834 1612 1887 Lucano
1653 1835 1804 1888 bones

226 2037 266 2079 3.
282 2031 340 2075 ib.
366 2030 514 2074 Simul
537 2057 592 2063 -
609 2030 765 2075 omnia
789 2029 1036 2087 originalia
1057 2030 1314 2074 nomina—
1327 2029 1365 2073 si
1391 2030 1499 2074 ante
1517 2030 1731 2074 eamdem
1749 2056 1803 2062 -

111 2088 364 2133 habuerint
377 2087 547 2131 tertiae
559 2112 606 2118 —
621 2086 784 2131 erudio
803 2087 958 2130 erudis
967 2087 1198 2130 secundae
1210 2111 1263 2118 —
1275 2086 1466 2130 habent.
1528 2092 1594 2130 11.
1611 2085 1802 2143 Fraym.

113 2145 261 2190 Mont.
284 2144 540 2244 (cflffipp')³
568 2143 698 2187 Inter
728 2156 754 2187 o
791 2143 1049 2187 erationem
1081 2145 1129 2186 et
1158 2156 1276 2199 opus
1298 2155 1515 2206 --·quam
1535 2167 1590 2173 —-
1612 2143 1802 2188 cruciat.

117 2207 182 2245 14.
214 2200 330 2244 Eaec.
411 2212 512 2244 ane,
541 2212 588 2255 p.
619 2202 702 2244 20.-
787 2199 968 2244 onnulli
996 2200 1066 2243 ita
1093 2224 1148 2231 —
1178 2198 1434 2243 mascuhno
1465 2212 1636 2254 genere
1668 2198 1728 2241 sit
1758 2199 1807 2242 et

114 2257 350 2302 adnuitur.
381 2270 492 2299 nam
512 2270 649 2312 saepe
670 2281 725 2288 —
745 2256 876 2300 locus
896 2281 950 2288 -
970 2255 1116 2300 habet
1144 2255 1318 2312 plurali
1346 2279 1399 2286 —-
1421 2254 1625 2298 neutrali
1649 2254 1804 2298 locum

114 2338 169 2346 -—
199 2314 308 2357 sunt
338 2313 386 2357 et
414 2337 468 2344 —
500 2311 784 2368 compositae
805 2342 859 2348 --
882 2325 1014 2356 casus
1036 2328 1087 2344 -·-
1109 2311 1342 2367 reperitur
1363 2336 1417 2342 —
1437 2310 1686 2359 laudabit?
1706 2346 1716 2357 .
1734 2345 1743 2355 .
1762 2344 1772 2354 .
1794 2348 1802 2358 .

231 2486 254 2524 1
285 2480 428 2524 trium
450 2491 626 2535 genues
644 2480 690 2523 P
710 2480 727 2535 11
748 2484 773 2522 2
794 2479 978 2523 venerit
996 2479 1052 2524 N
1066 2480 1082 2535 ss
1105 2453 1297 2533 adiecti?
1311 2477 1368 2522 N
1382 2479 1398 2534 ΙΙ
1419 2482 1446 2521 4
1476 2478 1633 2522 omnia
1653 2490 1736 2522 om.
1755 2477 1811 2522 N

120 2538 140 2595 Η
162 2542 185 2582 7
206 2535 396 2594 tertiae]
415 2536 481 2581 sic
495 2534 600 2580 PN
613 2537 629 2592 ΙΙ
650 2540 676 2580 8
695 2535 834 2579 viniri
852 2535 909 2580 N
914 2537 927 2564 ¹
949 2536 965 2591 ΙΙ
987 2540 1012 2579 9
1034 2535 1260 2579 secondae
1281 2535 1327 2579 P
1347 2535 1363 2590 ιΙ
1383 2534 1535 2578 tertae
1553 2533 1634 2590 qui
1648 2534 1694 2578 P
1715 2535 1730 2590 ΙΙ
1754 2539 1804 2578 11

118 2620 390 2676 hoc—quod
419 2632 504 2664 om.
525 2619 607 2676 Νι
636 2624 686 2663 12
718 2602 1018 2663 omni⁵0ffi0fi
1045 2621 1119 2674 (ex
1141 2619 1184 2674 ο)
1214 2618 1300 2675 Nn
1323 2622 1375 2663 13
1397 2618 1622 2661 lassitudo
1644 2618 1730 2674 Νιι
1756 2622 1807 2662 14

43 2698 45 2700 ·
119 2677 476 2734 quae—cruciat
495 2688 579 2720 om.
603 2675 660 2720 N
674 2677 690 2731 ΙΙ
710 2676 793 2732 ita]
815 2675 833 2718 i
853 2689 908 2720 eoe
927 2690 958 2718 u
978 2675 1025 2718 P
1045 2677 1061 2732 11
1085 2681 1136 2719 15
1156 2675 1259 2719 loca
1287 2675 1507 2718 neutrum
1532 2674 1586 2719 N
1601 2676 1810 2730 sequitur

122 2736 176 2779 de
198 2733 471 2790 pronomine
500 2734 516 2789 ΙΙ
548 2737 599 2776 16
638 2731 894 2776 auctoritos
923 2731 970 2776 P
990 2732 1006 2787 ΙΙ
1030 2737 1081 2776 17
1111 2731 1238 2776 locos
1268 2744 1324 2776 em
1352 2731 1482 2775 locus
1512 2731 1559 2775 P
1579 2731 1594 2786 ΙΙ
1616 2736 1669 2774 22
1701 2744 1807 2774 con-

120 2812 341 2888 possitisse
371 2833 418 2876 P
438 2832 454 2886 ιι
477 2790 597 2887 §tatu
627 2831 686 2875 P.
