1980 3134
235 127 336 179 llO
615 126 870 171 VIRGILII
899 125 1176 171 MARONIS
1205 126 1548 173 EPISTOLAE.

231 255 421 306 debere
477 253 787 306 exhortatur
840 270 903 306 us
949 273 984 307 a
1031 269 1121 306 um
1176 256 1236 305 ut
1284 254 1459 307 doctus
1509 255 1657 309 docta
1703 257 1922 326 doctum,

231 324 419 377 deinde
456 325 513 376 in
552 341 603 377 es
638 328 699 375 ut
729 323 920 390 facies,
960 323 1147 375 deinde
1172 323 1229 375 in
1255 341 1316 377 as
1340 327 1400 376 ut
1425 325 1692 390 uolunta&
1732 326 1923 380 deinde

229 396 287 446 in
324 413 349 448 e
386 398 445 447 ut
491 411 651 447 omne.
726 394 968 462 opinioni
1015 411 1113 446 nos
1162 395 1372 447 credere
1419 398 1658 463 oportet,
1707 399 1762 449 at
1809 415 1922 450 non

231 465 404 517 solum
451 464 574 516 huic
625 464 869 532 opinioni
921 463 1206 532 credimUS‚
1259 482 1445 517 uerum
1502 466 1663 518 etiam
1718 467 1777 518 in
1824 467 1920 520 has

165 550 185 581 5
230 535 438 588 easdem
476 535 708 603 syllabas
746 535 914 586 multa
953 551 1151 604 genera
1190 538 1403 602 exeant,
1451 536 1588 588 sicut
1623 537 1681 588 in
1716 553 1780 590 us
1817 538 1920 590 duo

228 623 454 674 genera,
505 605 857 658 masculinum
903 607 956 658 et
1001 607 1250 657 neutrum
1287 608 1347 657 ut
1384 622 1603 659 mancus
1640 609 1693 658 et
1728 608 1918 674 impus,

228 675 319 727 sed
345 692 537 745 graeca
562 676 781 727 nomina
806 692 1017 728 omnem
1042 693 1302 745 generum
1328 676 1650 744 syllabarum
1676 678 1920 746 regulam

228 748 595 814 corruperunt.

366 815 524 867 Multi
564 815 628 868 de
665 816 998 868 nominatiuo
1038 833 1161 868 casu
1197 817 1365 868 multa
1403 817 1657 885 scribere3
1698 817 1787 870 sed
1817 818 1920 871 hoc

163 887 367 938 winter
416 889 590 938 cetera
626 887 858 938 maxime
895 886 1187 955 requisisti,
1238 904 1329 939 cur
1366 887 1716 940 masculinum
1755 892 1809 940 et
1844 888 1920 941 fe-

223 957 488 1008 mininum
527 961 580 1009 et
615 959 867 1009 neutrum
906 957 1114 1009 dicendi
1153 957 1208 1009 in
1246 975 1346 1010 usu
1371 957 1645 1010 habemus.
1703 958 1919 1026 quidam

223 1027 538 1096 simpliciter
574 1027 847 1094 dixerunt,
887 1027 1028 1096 quod
1066 1028 1417 1080 masculinum
1452 1027 1556 1080 hoc
1579 1045 1691 1080 esse
1718 1028 1916 1091 debuit,

222 1098 363 1166 quod
409 1098 698 1150 secundum
746 1098 1115 1150 habitudinem
1164 1097 1399 1166 corporis
1449 1098 1821 1163 ostenderetur
1866 1102 1919 1152 et

220 1169 297 1220 ita
334 1168 653 1221 femininum
690 1171 751 1221 ut
786 1169 876 1222 uir
914 1173 967 1221 et
1003 1169 1216 1236 mulier,
1257 1172 1446 1222 taurus
1471 1171 1525 1222 et
1547 1186 1737 1234 uacca,
1779 1171 1920 1224 aries

159 1253 198 1286 15
222 1241 278 1291 et
314 1239 449 1303 ouiS,
489 1240 638 1292 canis
676 1242 729 1291 et
766 1243 882 1292 cata
923 1242 976 1291 et
1012 1242 1187 1292 cetera
1212 1238 1476 1291 animalia.
1530 1256 1713 1292 omnes
1740 1244 1917 1293 autem

220 1327 304 1361 res
344 1309 645 1362 materiales
683 1312 742 1361 ut
779 1310 978 1377 lapides
1015 1312 1068 1361 et
1105 1311 1318 1364 arbores
1356 1312 1408 1362 et
1446 1311 1598 1377 siqua
1625 1313 1751 1362 sunt
1776 1311 1917 1363 simi-

220 1379 320 1444 lia,
367 1380 635 1432 neutralia
681 1379 785 1432 dici
841 1380 1037 1432 debere
1085 1383 1422 1433 censuerunt.
1497 1379 1620 1433 inde
1668 1380 1917 1434 dicebant

218 1451 298 1503 hie
334 1452 424 1503 uir
462 1454 515 1503 et
551 1451 677 1505 haec
713 1451 902 1504 mulier
940 1454 993 1503 et
1029 1451 1122 1504 hoc
1158 1452 1295 1519 lapis
1332 1453 1385 1503 et
1420 1450 1514 1503 hoc
1550 1451 1710 1504 arbor
1748 1454 1800 1504 et
1823 1452 1917 1505 hoc

219 1538 338 1574 cera
375 1523 430 1573 et
465 1522 558 1575 hoc
584 1522 752 1589 panis
789 1524 842 1573 et
877 1521 970 1574 hoc
1006 1522 1189 1575 domus
1226 1525 1279 1574 et
1315 1521 1408 1575 hoc
1443 1537 1652 1574 manua
1722 1539 1915 1575 moneo

154 1604 195 1636 20
218 1591 396 1660 itaque
434 1594 512 1656 te,
554 1609 585 1645 o
623 1591 789 1644 frater
815 1592 1113 1660 carissime,
1153 1594 1215 1644 ut
1241 1591 1485 1660 quamuis
1511 1609 1622 1644 non
1647 1592 1749 1644 hac
1773 1610 1916 1646 nunc

217 1662 600 1714 consuetudine
647 1661 914 1715 scribendi
961 1665 1201 1729 utamur,
1247 1665 1428 1715 tamen
1476 1662 1599 1731 quia
1646 1662 1749 1715 hoc
1786 1666 1916 1732 aput

216 1736 421 1784 ueteres
476 1750 575 1801 pro
631 1736 777 1785 recto
833 1732 1120 1797 habeatur,
1186 1733 1359 1802 siquid
1414 1733 1554 1785 forte
1608 1733 1914 1803 huiusmodi

216 1804 473 1871 scriptum
509 1803 842 1872 repperieris‚
882 1803 1006 1856 licet
1042 1821 1151 1856 non
1188 1804 1255 1856 ad
1292 1802 1648 1856 indubitatam
1686 1804 1912 1857 auctori-

215 1876 382 1926 tatem
419 1873 772 1926 refferendum
808 1877 986 1942 puteS,
1025 1877 1207 1927 tamen
1245 1874 1383 1943 quod
1410 1892 1442 1926 a
1466 1874 1736 1926 ueteribus
1762 1891 1912 1927 usur-

152 1957 195 1989 25
216 1947 402 2012 patum
449 1947 550 2008 est,
597 1943 985 2012 reprehendere
1033 1946 1251 1997 omnino
1296 1962 1405 1996 non
1454 1944 1628 1996 debes.
1703 1962 1911 1997 uerum-

214 2018 396 2066 tamen
433 2013 562 2067 haec
600 2017 705 2067 tria
740 2032 939 2084 genera
981 2018 1201 2083 propter
1235 2014 1609 2067 discretionem
1642 2014 1911 2083 quandam

327 2173 365 2213 9.
396 2169 491 2214 Ars
519 2181 596 2216 a‘n.
615 2167 760 2212 Rern.
781 2170 858 2221 82,
879 2169 961 2212 27:
1001 2167 1225 2225 Virgilius
1255 2167 1477 2211 Assianus
1508 2167 1628 2210 dixit
1657 2168 1716 2212 ad
1737 2168 1908 2213 Iulium

214 2225 481 2269 diaconem:
519 2224 607 2269 hoc
645 2225 770 2268 inter
807 2225 966 2268 cetera
1001 2225 1203 2268 maxime
1241 2222 1492 2280 requesisti
1523 2248 1578 2254 —
1607 2225 1828 2267 neutrum
1858 2224 1908 2269 in

215 2306 265 2314 —-
295 2281 553 2325 habeamus
582 2305 639 2314 —
667 2281 976 2325 masculinum
1004 2281 1093 2324 hoc
1123 2311 1178 2317 -
1207 2294 1324 2324 vaca
1353 2305 1407 2312 —
1438 2279 1554 2323 cada
1575 2305 1630 2312 --
1650 2281 1908 2325 matiriales

213 2363 265 2369 —
295 2338 575 2382 neutraliter
602 2363 657 2370 —
686 2337 812 2381 unde
843 2361 899 2369 -—-
926 2350 1104 2383 manus,
1270 2341 1334 2381 15.
1366 2336 1483 2381 Eoee.
1513 2336 1654 2381 Rern.
1685 2339 1792 2390 192,
1825 2339 1905 2381 29:

213 2394 373 2439 Omnis
402 2396 562 2439 autem
582 2418 636 2426 -
656 2394 935 2438 neutraliter
957 2419 1008 2425 —-
1030 2394 1155 2438 unde
1177 2418 1229 2425 —
1250 2395 1405 2437 manio
1437 2396 1621 2446 (moneo
1643 2406 1759 2438 corr.
1780 2407 1836 2440 m.
1858 2395 1906 2448 2)

211 2476 266 2482 —
295 2452 344 2495 te
373 2451 520 2495 frater
551 2483 561 2494 .
595 2487 604 2497 .
636 2464 731 2494 non
760 2450 848 2494 hac
878 2463 973 2494 non
1004 2482 1014 2493 .
1049 2483 1060 2494 .
1091 2450 1266 2494 utimur
1301 2489 1308 2494 ,
1344 2483 1353 2492 .
1387 2485 1396 2494 .
1429 2449 1555 2506 apud
1588 2487 1597 2497 .
1633 2484 1641 2494 .
1676 2485 1687 2497 .
1718 2480 1728 2492 .
1758 2450 1907 2493 habe-

211 2506 351 2551 batur
396 2507 524 2563 sedq;
564 2506 686 2551 forte
727 2542 737 2553 .
770 2541 779 2550 .
813 2545 823 2554 .
864 2508 1095 2563 repereris
1136 2540 1147 2550 .
1181 2539 1192 2550 .
1228 2544 1237 2553 .
1271 2544 1281 2554 .
1318 2506 1616 2550 referendum
1661 2544 1669 2553 ,
1703 2544 1711 2553 ,
1746 2537 1754 2550 .
1794 2505 1907 2562 quia

214 2563 450 2607 veteribus
482 2599 490 2609 .
527 2595 537 2607 .
574 2600 585 2612 .
615 2577 710 2608 non
741 2563 884 2607 debes
915 2563 1116 2611 omnino.

323 2709 348 2747 3
378 2703 426 2746 in
458 2704 503 2760 e]
538 2702 587 2763 in
617 2717 663 2758 as
691 2703 749 2748 N
770 2705 786 2760 ΙΙ
816 2703 1035 2759 opinione
1066 2702 1124 2746 N
1145 2704 1160 2759 ΙΙ
1190 2705 1242 2746 ut
1270 2702 1324 2747 N
1341 2703 1356 2757 ΙΙ
1378 2707 1404 2745 4
1435 2702 1598 2757 etiam]
1633 2701 1758 2755 quod
1789 2701 1901 2746 add.

210 2759 317 2802 Mai
344 2760 360 2814 ΙΙ
391 2764 416 2802 5
447 2761 619 2805 multas
649 2760 706 2804 N
730 2773 842 2804 corr.
872 2759 979 2804 Mai
1006 2761 1068 2815 119
1100 2759 1255 2816 multi]
1290 2758 1419 2802 nolui
1448 2758 1615 2802 Hartel
1636 2759 1651 2811 ΙΙ
1674 2757 1898 2813 scribere]

208 2814 316 2869 fort.
354 2815 578 2859 scribsere
607 2818 623 2871 ΙΙ
656 2822 706 2860 12
745 2829 860 2872 quos
897 2815 954 2860 N
986 2828 1099 2860 corr.
1132 2815 1232 2859 Mai
1259 2816 1276 2871 ΙΙ
1308 2819 1357 2858 17
1398 2814 1592 2858 deberet
1619 2813 1690 2869 N,
1730 2812 1902 2857 debere

211 2883 324 2917 corr.
357 2871 463 2915 Mai
484 2872 499 2927 11
522 2877 575 2916 ’26
607 2873 856 2928 quendam.
