1980 3134
700 55 758 104 V.
807 53 888 98 DE
917 53 1170 99 NOMINE.
1714 57 1780 110 31

88 181 311 250 ponitur
346 182 408 232 ut
431 181 606 235 maior
629 182 887 234 maximo:
927 180 1286 249 superlatiuus
1312 180 1511 249 quippe
1537 183 1781 235 omnibus

88 251 455 320 superequitat
491 252 628 304 sicut
666 253 718 303 et
742 251 1035 319 possitiuus
1063 251 1311 303 omnibus
1337 251 1600 304 subsedet.
1660 270 1781 305 con-

85 322 363 391 paratiuus
418 324 597 373 autem
653 321 802 374 uelut
856 321 1115 389 quaedam
1160 320 1418 374 medietas
1465 322 1681 375 scalaris
1728 327 1782 375 et

87 393 351 461 possitiuo
391 391 548 443 altior
586 394 639 443 et
676 392 998 460 superlatiuo
1034 391 1286 444 humilior
1309 395 1391 444 est
1414 393 1610 461 gradus
1631 394 1782 462 quasi

85 463 380 532 possitiuus
399 461 698 529 superficie,
725 461 815 514 sed
835 462 1094 530 qualitate
1114 463 1473 530 superlatiuus
1498 465 1558 515 ut
1574 465 1780 530 praeci-
1823 487 1845 519 5

75 550 223 601 puus
259 532 596 600 eqreqiusque
643 535 698 584 et
735 549 971 588 cernuus.
1033 532 1254 584 dicimus
1289 533 1432 585 enim
1458 535 1781 602 praecipuus

86 604 339 670 omnium,
378 604 613 670 eyreyius
639 606 878 670 patrum,
917 619 1139 656 cernuus
1173 621 1371 671 reyum.

227 672 389 726 Nunc
427 671 491 724 de
529 689 724 742 genere
751 673 1089 725 tractandum
1117 676 1196 725 est
1220 674 1516 727 nominum.
1569 674 1780 743 quadri-

85 743 281 797 formia
331 760 531 812 genera
589 746 717 795 sunt
771 744 909 795 sicut
963 744 1210 796 omnibus
1267 748 1418 812 patet
1462 744 1781 814 legentibus

88 815 323 882 primum
360 813 730 877 masculinum,
770 813 1061 866 secundum
1098 814 1438 881 femininum,
1477 818 1530 867 et
1566 815 1668 867 hoc
1705 816 1780 868 sic
1803 835 1845 867 10

87 885 308 948 orditur,
349 884 475 952 quia
511 884 801 937 secundum
827 884 972 954 leges
1007 885 1254 953 antiquas
1280 885 1365 937 uir
1391 885 1600 937 mulieri
1626 903 1777 954 prae-

84 955 224 1007 latus
263 957 372 1022 est3
417 958 666 1007 neutrum
706 957 884 1007 autem
920 955 1040 1008 ideo
1079 955 1295 1020 dicitur,
1346 956 1471 1022 quia
1508 959 1561 1008 et
1595 957 1654 1007 in
1690 955 1780 1007 de-

86 1025 376 1077 clinatione
427 1028 481 1076 et
528 1025 586 1076 in
634 1025 891 1094 qualitate
938 1043 1038 1078 nec
1074 1029 1255 1094 aperte
1294 1025 1646 1078 masculinum
1681 1044 1781 1079 nec

84 1095 326 1148 absolute
351 1095 548 1148 dicitur
573 1113 686 1148 esse
711 1096 1049 1149 femininum.
1100 1113 1378 1148 commune
1404 1099 1584 1149 autem
1610 1113 1779 1166 genus

84 1166 284 1235 duplex
310 1168 406 1218 est.
464 1166 664 1219 etenim
694 1167 989 1219 masculino
1018 1184 1213 1235 genere
1251 1170 1306 1219 et
1337 1167 1598 1219 feminino
1637 1185 1778 1220 com·
1802 1185 1844 1217 15

82 1237 267 1289 munia
311 1236 529 1289 nomina
573 1239 700 1290 sunt
746 1241 807 1290 ut
840 1239 1080 1291 sacerdos
1117 1239 1226 1291 dies
1260 1239 1387 1306 finis
1422 1239 1567 1290 renis
1603 1238 1778 1302 lacu-9,-

84 1307 176 1359 sed
215 1325 336 1360 cum
373 1307 668 1359 masculino
705 1325 903 1377 genere
942 1308 1027 1373 sit,
1068 1308 1143 1360 sic
1181 1308 1482 1360 declinatur
1506 1309 1652 1361 lacus
1677 1309 1781 1362 laci

86 1379 198 1431 laco
246 1378 322 1429 sic
370 1394 497 1431 acus
545 1379 631 1431 aci
678 1395 770 1433 aco
821 1380 898 1431 sic
947 1379 1131 1432 domus
1167 1380 1309 1432 domi
1344 1379 1492 1432 domo
1531 1382 1585 1430 et
1620 1378 1781 1431 faciet

83 1517 260 1574 quippe
298 1517 472 1574 gradus
510 1516 726 1561 omnibus
762 1518 1013 1575 praecellit
1049 1520 1098 1563 et
1127 1518 1402 1574 supersedet
1429 1518 1549 1562 sicut
1578 1518 1626 1561 et
1654 1518 1780 1575 posi-

82 1573 205 1618 tivus
234 1598 290 1605 —
321 1577 480 1617 autem
509 1573 680 1630 gradus
712 1599 761 1606 —
794 1575 1013 1619 humilior
1043 1576 1116 1619 est
1146 1574 1463 1631 (humiliorem
1491 1574 1624 1628 cod.).

198 1634 268 1673 12.
298 1629 419 1676 Eoec.
448 1629 593 1675 Rern.
620 1633 799 1685 p 192,
830 1634 906 1675 15.-
936 1632 1156 1675 neutrum
1186 1631 1346 1675 autem
1376 1661 1431 1667 —
1461 1630 1588 1687 quod
1618 1655 1673 1662 —
1703 1644 1779 1674 cu-

81 1699 223 1729 mune
254 1687 413 1729 autem
444 1685 618 1742 duplex
651 1687 722 1730 est
750 1687 1005 1731 masculino
1033 1700 1206 1745 genere
1229 1687 1278 1731 et
1303 1687 1542 1731 feminino.
1591 1686 1783 1730 nomina

83 1742 350 1786 communia
370 1766 422 1772 —
444 1741 575 1786 lacus
605 1743 643 1786 si
663 1744 910 1787 masculini
929 1744 1118 1801 generis
1139 1769 1194 1775 —
1213 1743 1329 1787 facit
1349 1743 1594 1787 domorum
1617 1743 1780 1787 domus

82 1799 133 1842 at
161 1798 386 1896 ΐθιέἰῑιίηο
412 1811 598 1898 1genere
629 1824 684 1831 —
715 1801 779 1844 sic
810 1814 919 1844 acus
950 1800 1115 1844 domus
1147 1800 1196 1843 et
1223 1798 1339 1844 facit
1368 1799 1532 1843 domus
1563 1799 1781 1843 domibus

82 1879 135 1885 —
165 1867 222 1898 ea
257 1868 332 1898 em
363 1867 410 1898 es
438 1889 447 1898 .

196 1971 219 2009 1
252 1966 428 2023 quippe
459 1981 548 2013 om.
577 1967 633 2012 N
655 1970 671 2025 ΙΙ
702 1973 726 2012 2
757 1969 1093 2026 superaequitat
1120 1970 1186 2023 P,
1218 1967 1522 2024 superiacitat
1555 1967 1598 2012 V
1624 1969 1641 2032 {j
1671 1967 1778 2011 sub-

82 2050 204 2094 sidet
235 2051 269 2107 (i
299 2065 355 2096 ex
385 2052 431 2109 e)
462 2052 519 2096 N
533 2054 549 2110 ΙΙ
570 2058 595 2096 3
627 2053 771 2097 velud
800 2053 846 2097 P
874 2054 892 2109 11
912 2053 1112 2099 meditas
1141 2053 1208 2107 P,
1240 2064 1323 2100 om.
1354 2052 1410 2096 N
1425 2053 1441 2108 ss
1464 2034 1661 2097 scalaris
1685 2053 1732 2096 P
1756 2053 1775 2109 Η

80 2125 108 2164 4
136 2120 389 2166 humilior*
417 2123 474 2167 N
488 2124 504 2180 ΙΙ
525 2109 699 2180 ςῑᾶᾶύέ
733 2124 774 2179 (¹¹
801 2123 859 2167 de
889 2123 1078 2167 nomine
1107 2123 1162 2167 i‘n
1191 2137 1292 2167 mar
1323 2124 1356 2173 .)
1388 2122 1435 2166 Ρ
1454 2122 1471 2177 ΙΙ
1493 2125 1519 2166 5
1549 2122 1778 2179 superfice

80 2177 183 2222 PN
188 2181 201 2206 ¹
231 2178 247 2234 ΙΙ
277 2183 302 2223 5
325 2178 356 2226 f.
395 2180 705 2224 ut—cernuus
746 2192 831 2224 om.
872 2179 930 2224 N
950 2181 966 2236 ΙΙ
995 2184 1020 2223 6
1061 2193 1226 2223 ceruus
1315 2178 1379 2222 ¹V
1401 2179 1418 2235 ΙΙ
1447 2183 1471 2223 ’7
1510 2192 1676 2223 cernue
1720 2178 1775 2234 V,

82 2244 247 2306 ceriius
270 2263 318 2318 (n
333 2276 392 2307 m.
411 2263 495 2319 al.)
511 2263 561 2307 N
581 2264 597 2319 11
614 2268 716 2320 post
731 2277 896 2320 regum
912 2277 1004 2308 ras.
1021 2267 1134 2308 4-5
1151 2264 1178 2308 l.
1189 2265 1243 2307 in
1258 2263 1303 2306 V
1325 2264 1341 2319 ΙΙ
1362 2262 1650 2306 femeninum
1665 2276 1781 2307 neu-

81 2319 208 2361 trum
228 2331 470 2363 commone
493 2334 555 2362 m.
578 2321 611 2363 f.
635 2321 692 2365 N
706 2321 722 2376 ss
746 2325 798 2365 10
809 2322 998 2420 &rimus
1025 2320 1077 2373 V,
1104 2332 1188 2364 om.
1211 2319 1268 2364 N
1282 2320 1299 2376 ΙΙ
1321 2319 1360 2363 si
1384 2318 1429 2362 V
1445 2319 1461 2375 ΙΙ
1486 2323 1534 2362 11
1558 2319 1780 2362 anticrias

86 2373 132 2418 V
147 2375 163 2431 ΙΙ
183 2376 422 2431 praelatus
452 2378 504 2419 N
522 2377 538 2432 11
562 2381 614 2421 13
637 2377 686 2420 et
707 2389 790 2420 om.
878 2376 898 2433 ΙΙ
920 2381 972 2421 14
994 2376 1166 2420 dicitur
1187 2389 1225 2423 e.
1246 2388 1331 2420 om.
1352 2375 1408 2420 N
1422 2376 1438 2431 ΙΙ
1461 2385 1713 2419 commune
1740 2374 1786 2419 V

85 2445 104 2500 Η
104 2449 180 2512 -14
195 2444 228 2487 f.
260 2458 507 2489 commune
529 2436 603 2489 id¹⁵
626 2446 935 2490 masculinum
965 2447 1014 2490 et
1042 2445 1270 2489 feminum
1299 2445 1489 2489 nomina
1518 2444 1575 2488 N
1589 2445 1605 2501 ΙΙ
1629 2450 1681 2489 15
1711 2449 1783 2489 ess

84 2517 145 2570 (δι
175 2515 229 2559 in
258 2517 420 2572 mary.)
457 2516 618 2559 autem
645 2516 692 2559 P
712 2517 728 2572 ΙΙ
750 2515 1059 2560 masculinum
1087 2516 1151 2559 P1
1181 2527 1295 2560 corr.
1321 2516 1337 2571 ΙΙ
1358 2515 1520 2571 generi
1548 2516 1594 2559 P
1615 2516 1631 2571 ΙΙ
1653 2528 1780 2559 com-

82 2600 240 2644 monia
263 2599 314 2654 V,
331 2583 619 2645 communloas
639 2599 726 2657 ΝΗ
749 2604 800 2643 16
814 2599 1005 2644 nomina
1021 2613 1058 2644 c.
1082 2599 1177 2644 VN
1191 2600 1207 2656 ΙΙ
1229 2599 1445 2644 sacerdus
1464 2599 1585 2644 P¹N
1589 2601 1601 2628 ¹
1626 2601 1642 2656 ΙΙ
1664 2599 1780 2643 fines

82 2684 138 2729 N
144 2686 155 2712 ¹
178 2685 194 2741 ΙΙ
215 2685 328 2729 rinis
358 2685 404 2729 P
423 2686 440 2740 ΙΙ
460 2684 610 2742 lacus]
646 2698 674 2728 a
700 2685 754 2729 in
772 2698 865 2732 ras.
885 2685 931 2728 P
951 2686 967 2741 ΙΙ
993 2689 1042 2729 17
1074 2668 1178 2737 03m
1198 2686 1244 2729 P
1265 2685 1280 2740 ΙΙ
1302 2684 1465 2741 generi
1483 2685 1550 2735 P,
1580 2683 1781 2729 mascuti

83 2741 267 2841 Igtegieffis
297 2741 354 2785 N
375 2742 391 2797 ΙΙ
414 2741 700 2786 declina*tur
729 2742 778 2796 (n
809 2746 942 2794 eras.)
971 2743 1038 2796 P,
1078 2741 1390 2786 declinabitur
1417 2741 1472 2786 N
1495 2742 1511 2798 Ι]
1535 2745 1587 2786 18
1618 2738 1781 2798 domo]
