1980 3134
415 96 535 145 XIV.
579 95 660 139 DE
691 92 1348 140 COGNOMINATIONIBUS
1381 95 1468 138 etc.
1714 93 1781 146 83

88 225 351 294 largibor,
378 224 482 276 alia
506 221 952 292 superadditum&
1010 220 1181 273 celum
1210 221 1277 272 ob
1304 220 1408 272 hoc
1436 219 1539 272 dici
1563 222 1781 288 putatur

89 297 213 364 quia
251 295 508 365 quaedam
544 293 688 345 intra
725 310 780 344 se
818 291 1043 360 grandia
1076 291 1213 343 celat
1247 290 1482 342 archana
1519 294 1571 342 et
1604 291 1782 358 ipsum

87 384 266 418 aerum
305 364 493 434 spatiis
528 363 854 430 nubiumque
881 361 1168 414 obstaculis
1194 361 1260 413 ab
1287 360 1535 413 humanis
1563 361 1781 423 celatur,

87 436 398 488 abditudine
446 452 540 486 sua
577 433 871 485 rectissime
907 449 1104 484 nomen
1141 431 1350 500 accipit.
1403 431 1571 483 altum
1611 431 1782 482 celum

86 506 341 574 diximus3
394 504 484 557 sed
532 503 755 555 altitudo
804 505 856 555 et
906 502 1327 570 profunditatem
1379 518 1783 569 nonnumquam
1825 518 1846 552 5

88 576 379 645 significat:
418 574 644 642 denique
682 575 792 625 siue
830 590 975 624 mare
1002 572 1113 624 siue
1140 572 1396 641 quidquid
1420 572 1563 624 infra
1586 574 1784 624 terram

87 651 169 698 est
214 645 474 714 positum,
524 644 689 696 altum
738 643 1126 696 nominandum
1170 645 1266 698 est.
1341 642 1480 694 sicut
1524 645 1579 694 et
1622 659 1784 694 senex

85 716 226 768 Don
241 719 382 767 atus
420 715 620 768 obsecro
655 729 751 767 uos
788 730 816 766 o
843 714 940 766 alti
964 714 1272 780 quicumque
1298 714 1440 780 θεῆς,
1479 714 1689 765 emittite
1713 713 1787 765 ad

85 803 166 839 me
200 786 356 839 solem
391 786 450 837 iu
486 788 629 837 terra
666 785 830 837 lucere
855 784 992 836 diem
1009 784 1258 851 protinus
1282 784 1587 837 allaturum.
1641 787 1784 835 terra

87 857 155 908 ob
192 857 296 908 hoc
334 855 527 907 dicitur
552 855 678 923 quia
702 854 980 905 hominum
1006 854 1231 921 pedibus
1256 854 1462 905 teritur.
1512 853 1604 905 sed
1629 852 1784 905 aliter
1806 867 1847 899 ιο

85 927 254 995 igitur
297 944 365 980 ra
412 925 631 993 dicitur,
680 925 853 993 primo
901 923 1041 992 quod
1090 941 1154 975 ex
1205 942 1266 976 ea
1302 923 1597 988 nascimur,
1644 923 1785 975 unde

88 1000 232 1048 etex
257 997 419 1048 humo
444 996 593 1048 homo
630 995 826 1047 dicitur
862 994 1152 1046 secundum
1191 994 1334 1062 quod
1373 994 1484 1045 eius
1522 993 1784 1045 fructibus

87 1067 279 1119 alimur
298 1084 359 1119 ac
377 1083 691 1119 recreamur.
730 1064 890 1117 tertio
918 1064 1058 1133 quod
1081 1065 1140 1115 in
1160 1081 1275 1116 eam
1298 1064 1441 1117 loeto
1461 1063 1621 1116 soluti
1639 1064 1788 1116 uelut

85 1138 143 1188 in
197 1137 384 1190 matris
434 1135 649 1188 uuluam
695 1135 1046 1189 recondimur.
1122 1152 1270 1188 mare
1317 1135 1384 1186 ab
1432 1133 1785 1186 amaritudine

86 1207 296 1272 dicitur,
334 1207 400 1259 ab
437 1205 662 1259 Hebreis
701 1223 958 1275 aquarum
986 1204 1255 1257 collectus,
1310 1205 1387 1258 sol
1418 1204 1625 1273 dicitur,
1662 1205 1786 1273 quia
1810 1226 1850 1259 15

201 1407 239 1446 1.
278 1402 468 1466 Fraym.
506 1402 630 1446 Med.
672 1402 748 1457 (cf.
780 1401 997 1457 append.)
1050 1401 1244 1445 Caelum
1282 1401 1454 1446 dicitur
1493 1401 1604 1457 quia
1642 1413 1784 1456 quae-

86 1459 195 1502 dam
225 1459 425 1515 grandia
456 1459 660 1503 archana
690 1458 856 1502 caelat.
901 1457 1286 1514 philosophorum
1314 1458 1585 1514 peritissimi
1613 1457 1788 1500 vocant

85 1515 231 1558 altum
286 1514 468 1558 caelum
521 1515 575 1558 ut
618 1514 818 1558 diximus
864 1514 946 1557 sed
991 1514 1289 1557 altitudinem
1339 1515 1387 1559 et
1429 1539 1481 1545 —-
1527 1526 1787 1568 numquam

84 1570 353 1627 significant
391 1570 592 1627 denique
631 1584 760 1615 mare
795 1596 851 1602 -—
885 1571 1156 1615 nominatur
1193 1570 1313 1614 sicut
1349 1583 1492 1614 senex
1527 1569 1683 1613 donon
1712 1569 1786 1611 in-

83 1639 245 1670 menso
281 1626 441 1670 dolore
479 1628 724 1683 superatus
756 1626 970 1683 corporei
996 1626 1110 1670 mali
1137 1627 1324 1670 noctem
1353 1627 1484 1671 velut
1508 1625 1785 1682 longissima

84 1683 329 1727 fastidium
368 1683 601 1726 sustinens
638 1696 692 1726 ac
731 1682 869 1727 solito
908 1682 1236 1739 lanquentium
1275 1696 1405 1726 more
1436 1682 1561 1726 diem
1592 1681 1783 1725 evenire

86 1739 359 1783 desiderans
398 1739 642 1795 tamquam
681 1738 720 1782 si
758 1739 938 1794 aliquid
973 1739 1156 1795 requiei
1186 1740 1374 1795 corpori
1403 1739 1527 1783 foret
1556 1738 1785 1782 allaturus

84 1795 172 1839 tali
200 1795 514 1851 praecabatur
543 1795 706 1840 modo:
746 1795 939 1839 obsecro
969 1820 1024 1826 —
1055 1794 1182 1838 intra
1199 1796 1259 1851 (5³)
1299 1795 1456 1840 lucere
1487 1821 1541 1826 —
1570 1795 1699 1838 terra
1728 1806 1783 1837 eo

86 1851 212 1907 quod
249 1850 450 1907 pedibus
489 1851 669 1896 teritur.
722 1851 805 1895 sed
843 1852 980 1895 aliter
1018 1852 1289 1908 separatur,
1328 1852 1440 1908 quia
1470 1865 1525 1895 ra
1552 1849 1786 1907 portatrix

84 1911 140 1951 ut
175 1907 382 1964 genitrix
419 1908 468 1950 in
505 1907 653 1952 latino
692 1906 1044 1964 philosophicae
1081 1906 1208 1951 unde
1250 1921 1395 1952 naves
1466 1920 1555 1951 uae
1590 1907 1785 1972 portant

84 1977 213 2008 rares
252 1963 483 2007 dicuntur.
541 1965 616 2008 ter
661 1964 809 2021 igitur
846 1988 900 1996 —
938 1963 1063 2008 unde
1103 1977 1161 2007 ex
1196 1989 1252 1995 —
1291 1923 1496 2008 secundo
1536 1976 1658 2026 qula·
1683 1963 1784 2006 eius

86 2019 265 2063 fructus
304 2019 472 2063 alimur
510 2020 653 2065 tertio
693 2020 806 2076 quia
840 2020 890 2062 in
921 2033 1024 2063 eam
1054 2019 1181 2063 laeto
1213 2020 1354 2064 soluti
1384 2046 1439 2052 --
1468 2020 1781 2064 recondimur.

89 2082 156 2123 15.
196 2076 309 2120 ibid.
369 2076 497 2120 Mare
543 2077 602 2120 ab
649 2076 961 2120 amaritudine
1007 2075 1179 2120 dicitur
1225 2077 1285 2120 ab
1329 2076 1518 2121 hebreis
1556 2089 1785 2131 aquarum

88 2131 333 2186 collectus,
366 2145 395 2175 a
422 2132 714 2188 philosophis
745 2146 802 2176 ex
833 2132 1012 2176 duobus
1034 2132 1331 2187 componitur
1351 2133 1486 2177 velut
1503 2145 1677 2188 magna
1696 2144 1784 2185 res,

85 2188 205 2231 nulli
234 2187 499 2232 mortalium
528 2190 655 2233 nota.
700 2189 838 2232 stella
866 2189 924 2232 de
945 2188 1188 2242 stillando,
1221 2191 1348 2233 astra
1369 2189 1428 2233 de
1450 2189 1708 2233 variaetate
1731 2212 1784 2218 —

35 2295 39 2298 q
87 2245 201 2288 situs
241 2244 299 2288 de
339 2244 431 2288 situ
470 2245 650 2289 altiore.
711 2245 903 2289 volucer
941 2258 970 2288 a
1007 2244 1282 2299 velocitate,
1324 2245 1423 2289 avis
1459 2245 1517 2288 ab
1549 2244 1666 2288 aviis
1695 2243 1784 2286 hoc

88 2301 159 2344 est
189 2300 384 2344 desertis
413 2300 551 2355 locis,
587 2301 740 2346 bestia
770 2302 829 2345 de
860 2302 975 2345 besu
995 2302 1084 2345 hoc
1106 2301 1178 2345 est
1197 2301 1457 2349 ferocitate.
1517 2300 1658 2344 belua
1685 2313 1786 2343 ma-

89 2357 191 2400 rina
229 2357 422 2410 dicitur,
466 2358 547 2402 bel
585 2358 710 2401 enim
753 2371 883 2402 mare
922 2371 950 2401 a
986 2357 1277 2414 philosophis
1316 2359 1526 2402 vocatur.
1586 2368 1692 2401 caro
1730 2385 1785 2391 —

206 2530 228 2568 1
262 2525 649 2580 super-additurus
679 2526 745 2580 (u3
766 2525 897 2579 corr.)
928 2524 985 2568 N
999 2525 1015 2581 ΙΙ
1038 2524 1206 2583 celum]
1238 2525 1291 2567 iu
1319 2538 1422 2568 mar
1455 2559 1463 2567 .
1497 2524 1626 2568 caeli]
1659 2523 1783 2567 unde

86 2581 140 2624 di·
172 2581 229 2625 N
252 2582 267 2637 ΙΙ
296 2586 324 2624 4
363 2581 626 2625 obtitudine
666 2594 750 2624 sua
785 2580 842 2624 N
864 2582 880 2636 ΙΙ
911 2580 1079 2638 altum]
1120 2581 1173 2623 iu
1208 2593 1352 2637 marq.
1393 2594 1420 2624 a
1439 2580 1592 2624 titudo
1630 2580 1687 2623 N
1709 2581 1726 2636 ΙΙ
1757 2584 1784 2625 8

85 2638 252 2681 &terra
280 2637 337 2682 N
353 2638 369 2693 ΙΙ
391 2642 416 2682 9
447 2638 576 2681 terra
606 2651 750 2692 quare
773 2637 828 2680 dr
845 2637 899 2680 iu
926 2650 1068 2693 mam.
1098 2637 1155 2680 N
1170 2638 1185 2693 ΙΙ
1212 2642 1261 2680 10
1290 2637 1484 2680 territur
1511 2636 1568 2681 N
1582 2637 1599 2692 11
1621 2636 1776 2692 aliter]

84 2722 158 2764 ter
186 2722 243 2767 N
266 2722 282 2778 ΙΙ
308 2726 356 2765 11
389 2695 559 2765 uiumde
589 2721 646 2765 N
669 2722 684 2777 ΙΙ
712 2721 767 2764 iu
794 2734 938 2778 mary.
966 2721 1105 2765 homo
1137 2734 1193 2764 ex
1222 2721 1366 2765 humo
1396 2721 1452 2765 N
1474 2722 1490 2777 11
1515 2725 1566 2765 13
1594 2719 1783 2765 terticio

84 2777 140 2822 N
156 2779 171 2833 ΙΙ
194 2792 251 2822 ea
280 2778 337 2822 N
351 2779 367 2834 ΙΙ
389 2778 544 2822 solutu
567 2777 623 2821 N
637 2779 654 2833 ll
679 2782 731 2821 14
754 2791 882 2821 mare
914 2778 972 2822 ab
1005 2791 1044 2822 a.
1065 2790 1150 2822 om.
1172 2777 1229 2821 N
1247 2779 1262 2833 ΙΙ
1287 2782 1338 2822 15
1369 2777 1592 2822 collectus
1612 2776 1784 2820 dicitur

0 2822 1 2836 ³
84 2834 140 2878 N
156 2836 171 2890 ΙΙ
193 2834 281 2891 sol]
313 2848 367 2879 m
397 2847 539 2891 mary.
574 2834 643 2878 sol
673 2837 848 2889 quare?

1386 2906 1447 2949 6*
