1980 3134
667 98 725 146 II
772 97 852 141 DE
881 98 1260 149 PRONOMINE
1707 104 1805 168 127

118 227 172 276 61
207 224 369 292 plane
408 223 722 276 declinatos:
776 224 915 277 sicut
958 226 1015 278 in
1065 225 1487 288 Quintiliano
1536 227 1668 297 legi,
1718 230 1807 297 qui

118 299 231 347 erat
268 294 630 362 computarius
668 294 872 346 dierum
910 298 964 346 et
999 314 1278 348 mensuum
1317 300 1370 349 et
1405 297 1561 349 lunae
1601 302 1653 350 et
1682 299 1807 351 solis

116 367 341 417 totorum
388 363 566 432 inquit
611 366 869 417 mensium
915 366 1102 431 quibus
1151 368 1208 419 in
1252 383 1357 419 sese
1393 369 1661 434 reciproca
1697 386 1806 421 sue-

116 435 338 487 cessione
372 435 664 487 reuoluitur
700 451 900 502 annuS,
950 438 1249 503 supputatio
1278 438 1613 517 perdifficilis
1654 442 1727 490 est
1761 443 1808 490 et

116 505 372 557 intellectu
418 520 567 584 eyens
612 504 861 571 diliyenti.
925 509 978 557 et
1023 505 1192 557 infra:
1242 507 1468 559 solorum
1515 508 1689 576 inquit
1724 509 1804 560 in—
1848 527 1870 560 5

116 575 439 627 dustriorum
474 575 716 627 uirorum
753 575 886 629 bella
922 578 1040 641 quis
1074 577 1354 629 narrabit?

258 643 397 696 Sunt
434 644 596 695 etiam
634 644 726 712 qui
753 645 937 712 plures
973 646 1257 698 aestimant
1293 647 1350 697 in
1397 646 1806 714 pronominibus

116 713 508 782 accipiendum,
560 731 783 781 quorum
831 715 1076 782 opinioni
1124 733 1224 767 nec
1261 715 1490 768 multum
1528 717 1806 769 defidimus

113 801 214 835 nec
261 783 487 835 nimium
535 783 795 835 fauemus.
870 785 961 836 sed
1007 802 1141 853 quae
1189 786 1391 837 incedit
1441 787 1805 855 quaestionem

114 855 276 922 prout
319 854 649 921 potuerimus
706 853 969 922 explicare
1016 856 1413 923 temptabimus
1487 857 1646 908 multi
1680 857 1804 925 plu-
1828 876 1871 907 10

113 924 263 976 ribus
299 924 626 992 singularem
662 941 944 976 numerum
982 929 1187 993 negant
1221 925 1455 977 inueniri
1487 943 1667 993 posse,
1715 928 1807 979 sed

116 994 191 1046 sic
229 993 511 1046 declinari:
546 995 725 1061 plures
754 994 972 1074 plurimi
988 995 1253 1062 pluribus.
1302 995 1679 1063 requirendum
1706 997 1805 1048 sic-

114 1081 214 1132 que
253 1067 360 1129 est,
399 1069 443 1116 si
479 1064 609 1116 11366
647 1064 969 1132 pronomina
1004 1068 1154 1133 sunt,
1195 1083 1355 1133 quare
1393 1066 1806 1133 comparationis

113 1134 309 1203 gradus
346 1152 378 1185 a
413 1134 595 1186 multis
620 1136 854 1202 recipere
881 1134 1156 1202 dicuntur,
1196 1153 1316 1187 cum
1343 1152 1636 1203 pronomen
1663 1153 1805 1188 com-

112 1204 442 1273 parationem
478 1204 675 1256 habere
713 1222 826 1256 non
862 1207 1069 1272 potest,
1119 1207 1346 1257 maxime
1394 1223 1513 1258 cum
1541 1206 1806 1273 pluriores
1829 1224 1871 1256 15

114 1292 145 1325 a
171 1274 485 1342 quibusdam
512 1275 835 1341 scribantur,
875 1275 1014 1342 quod
1047 1276 1412 1343 comparatiuo
1437 1277 1604 1354 gradu
1631 1276 1806 1327 dicen-

113 1343 236 1396 dum
294 1346 385 1396 est.
458 1344 598 1396 unde
653 1344 998 1396 manifestum
1054 1348 1135 1396 est
1188 1345 1318 1397 haec
1372 1345 1590 1397 nomina
1636 1345 1807 1425 magis

114 1413 379 1466 adiectiua
416 1432 530 1467 esse
568 1432 727 1483 quam
765 1414 1100 1482 pronomina,
1138 1415 1452 1483 praesertim
1489 1432 1608 1467 cum
1648 1416 1808 1466 etiam

114 1484 499 1553 superlatiuum
538 1485 775 1564 gradum·
801 1484 1000 1536 habere
1039 1484 1286 1536 dicantur
1323 1487 1382 1536 ut
1408 1485 1651 1552 plurimi.
1715 1485 1806 1536 sed

110 1572 362 1606 numerus
419 1555 705 1624 singularis
760 1555 819 1606 in
864 1554 968 1606 hiis
1017 1555 1320 1606 nominibus
1366 1572 1475 1606 non
1521 1554 1680 1607 facile
1726 1555 1804 1606 in·
1827 1574 1870 1606 20

110 1626 350 1693 uenitur,
405 1625 510 1676 nisi
559 1625 617 1677 in
666 1625 895 1677 neutrali
942 1642 1165 1692 genere,
1221 1625 1427 1677 dicatur
1483 1625 1626 1676 enim
1667 1625 1805 1691 plus,

110 1697 320 1764 praeter
365 1694 508 1763 quod
554 1695 889 1747 nominatiuo
937 1711 1087 1746 cassu
1136 1695 1336 1747 dictum
1384 1694 1672 1763 singularis
1708 1713 1806 1746 nu·

109 1765 245 1818 111611
279 1764 439 1818 flexio
480 1764 674 1818 deficit.
737 1763 952 1844 quidam
991 1765 1176 1817 dicunt
1202 1765 1330 1832 plus
1366 1765 1432 1816 ad
1468 1764 1573 1816 tria
1609 1782 1803 1833 genera

109 1834 405 1904 pertinere,
445 1835 587 1904 quod
625 1853 738 1887 non
774 1834 908 1886 mihi
945 1835 1159 1886 uidetur
1198 1852 1312 1887 esse
1350 1835 1625 1887 usitatum.

251 1905 333 1957 De
371 1906 686 1974 pronomine
723 1905 935 1974 quidem
961 1905 1088 1956 satis
1114 1905 1279 1957 fuisse
1305 1905 1659 1968 aestimarem,
1699 1903 1802 1955 nisi
1828 1920 1869 1953 25

111 1977 238 2045 quia
280 1975 460 2043 plures
507 1994 571 2028 ex
608 1976 764 2028 nobis
803 1976 1138 2043 quaestiones
1176 1975 1369 2027 uolunt
1404 1975 1630 2040 iactare,
1680 1973 1806 2042 quid

109 2047 253 2099 inter
291 2047 453 2115 illice,
498 2048 667 2106 islioe,
719 2046 947 2114 qualiter
994 2045 1276 2097 articulata
1322 2063 1352 2097 a
1398 2044 1806 2113 pronominibus

114 2117 331 2184 distant,
371 2134 533 2184 quare
559 2117 677 2185 ipsa
703 2115 928 2168 articula
954 2116 1030 2168 816
1055 2118 1331 2168 uocantur.
1383 2115 1485 2181 ille,
1524 2117 1585 2166 ut
1609 2113 1802 2172 ferunt,

111 2187 302 2240 famosi
356 2186 660 2239 intellectus
712 2187 823 2238 siue
869 2186 927 2237 in
974 2186 1171 2237 bonam
1217 2186 1329 2237 siue
1377 2185 1434 2236 in
1485 2183 1806 2236 contrariam

110 2258 372 2326 accipitur
416 2259 651 2325 partem,
699 2256 859 2309 sicuti
902 2257 1161 2308 Aeneas
1206 2254 1480 2307 rethorum
1528 2257 1581 2305 et
1626 2271 1804 2322 gram·
1827 2268 1869 2300 30

108 2330 430 2380 matieorum
475 2329 858 2394 poetarumque
902 2326 1257 2393 peritissimus
1306 2325 1515 2388 doctor,
1565 2326 1805 2375 Aeneam

226 2485 262 2523 1.
297 2479 436 2523 Glem.
468 2492 560 2523 exc.
591 2480 696 2522 29ῑ).
737 2478 791 2520 111
821 2477 1108 2530 Quintiliano
1141 2490 1360 2521 sonorum
1390 2477 1490 2531 (sio)
1523 2476 1571 2519 et
1597 2476 1805 2519 totorum

112 2535 425 2582 inveniuntur
474 2534 543 2578 ait
573 2535 697 2578 enim
727 2534 795 2576 ita
826 2533 1029 2577 solorum
1058 2532 1393 2576 industriorum
1425 2532 1528 2588 quis
1558 2547 1603 2575 n.
1625 2531 1669 2579 b
1690 2531 1804 2576 item

111 2606 142 2647 q
175 2595 276 2635 erat
305 2591 458 2646 inquit
486 2590 753 2646 copotarius
785 2589 968 2633 dierum
999 2590 1047 2632 et
1077 2591 1284 2632 totorum
1313 2602 1558 2632 mensmm.

225 2722 246 2759 1
270 2716 572 2769 Quintiniano
593 2716 649 2759 N
663 2716 680 2770 11
704 2720 729 2759 5
750 2728 914 2778 agens
918 2714 975 2758 N
984 2715 1066 2770 (an
1082 2727 1138 2758 eae
1155 2727 1327 2770 aegeus
1338 2715 1495 2769 ?)eorr
1517 2712 1625 2756 Mai
1645 2713 1661 2768 ss
1684 2717 1709 2756 8
1732 2725 1805 2755 36-

110 2772 333 2828 cipendos
353 2772 406 2816 N
423 2774 439 2828 ss
461 2778 486 2817 9
508 2785 627 2826 quae
648 2772 704 2816 N
718 2772 734 2826 ΙΙ
760 2777 808 2814 12
824 2770 857 2814 f.
880 2771 1010 2826 sique
1030 2770 1093 2823 N,
1125 2770 1357 2834 siquidem
1377 2769 1483 2812 Mai
1504 2769 1520 2825 ΙΙ
1545 2773 1595 2811 16
1618 2781 1755 2824 cump
1759 2781 1805 2811 3-

109 2829 261 2873 1311νο
293 2828 350 2872 N
363 2829 380 2884 11
406 2832 454 2872 18
485 2786 669 2873 adiecta
699 2828 756 2872 N
770 2828 786 2883 ΙΙ
800 2831 907 2883 post
934 2826 1224 2883 pronomina,
1260 2841 1313 2880 66
1345 2825 1403 2869 N
1415 2826 1432 2881 ΙΙ
1454 2829 1507 2869 23
1539 2823 1713 2868 defecit
1724 2783 1805 2868 Ν.
