1980 3134
207 92 306 146 138
580 91 837 136 VIRGILII
867 90 1143 158 MARQNIS
1174 90 1522 136 EPISTOLAE.

203 219 396 272 initiis:
455 221 700 273 cannenti
748 220 956 272 domino
1001 217 1215 272 Seneno.
1279 220 1526 272 cannenti
1571 220 1767 288 posuit.
1796 237 1893 288 pro

204 291 425 345 canenti.

345 359 700 429 Inchogatiua
736 359 907 409 forma
945 361 1028 410 est
1064 376 1196 426 quae
1222 357 1503 428 inchogari
1530 359 1766 427 quidem,
1806 359 1895 412 sed

203 448 315 483 non
363 430 504 481 finiri
553 430 780 481 uidetur.
845 428 1060 496 quidam
1097 446 1204 480 non
1241 428 1643 497 inchogatiuam
1682 430 1772 481 sed
1811 430 1898 482 de·
1979 469 1980 476 κ

161 517 181 548 5
206 501 458 553 fectiuam
505 500 697 551 uolunt
744 499 927 551 uocari
972 499 1226 566 formam,
1276 499 1418 567 quod
1456 498 1660 552 scilicet
1697 503 1899 569 tempo-

204 571 350 623 ribus
399 569 648 638 difficiat3
699 569 838 637 quod
875 572 930 621 et
967 585 1067 638 ego
1106 587 1313 638 quoque
1351 587 1675 638 magnopere
1713 572 1898 623 adsen-

203 642 326 692 tior.
392 639 606 708 quidam
655 643 833 692 tamen
883 639 1022 692 hanc
1071 641 1298 692 formam
1341 639 1743 708 inchogatiuam
1789 657 1898 693 non

204 712 273 764 ob
327 710 427 762 hoc
483 710 760 763 dicendam
823 713 1040 778 putant,
1098 709 1237 778 quod
1291 711 1618 778 temporibus
1675 711 1900 763 difficiat

204 780 559 848 declinandis,
600 798 720 833 cum
759 797 882 849 sepe
919 781 1188 849 repperire
1227 797 1281 832 se
1316 780 1499 833 dicant
1525 783 1713 835 calesco
1740 782 1895 845 calui,

141 870 181 902 ιο
200 852 427 919 feruesco
449 851 653 920 feruui,
693 867 946 904 marcesco
973 856 1180 904 marcai
1187 891 1200 915 ,
1240 851 1460 917 liquesco
1487 852 1619 918 liqui
1627 893 1642 920 ,
1669 868 1898 905 sarcesco

202 923 404 985 sarcui,
443 926 636 976 tacesco
673 923 839 990 tacui3
895 921 985 974 sed
1022 921 1274 989 quoniam
1310 922 1605 988 praesentis
1643 922 1898 990 temporis

204 992 450 1044 litteralis
490 991 769 1044 declinatio
809 1009 839 1043 a
875 992 1163 1060 praeterito
1202 990 1501 1058 discrepare
1539 992 1775 1060 uidetur,
1822 991 1898 1043 id-

205 1063 345 1115 circo
394 1062 793 1132 inchogatiuam
830 1062 1098 1115 nominari
1136 1061 1326 1113 debere
1366 1064 1639 1114 censeunt.
1706 1062 1899 1130 quibus

205 1152 268 1186 ex
305 1132 564 1185 maiorum
600 1132 889 1185 traditione
912 1132 1164 1184 facillime
1190 1131 1626 1200 respondebimus
1652 1150 1762 1185 non
1787 1149 1900 1184 esse

144 1221 184 1253 15
205 1203 344 1255 hanc
390 1204 654 1255 rationem
701 1221 905 1267 ueram,
956 1205 1015 1254 ut
1062 1220 1127 1254 ex
1172 1201 1275 1253 hiis
1323 1202 1500 1254 uerbis
1548 1220 1680 1271 quae
1718 1202 1902 1255 incho-

207 1274 418 1342 gatiuae
455 1273 660 1326 formae
699 1276 845 1335 sunt,
896 1273 1188 1341 praeterita
1224 1274 1468 1340 tempora
1506 1273 1654 1325 nasci
1693 1273 1901 1325 soleant

207 1347 265 1396 ut
319 1348 510 1397 tacesco
566 1345 725 1397 tacui.
799 1343 1035 1411 alioquin
1081 1344 1214 1395 haec
1259 1343 1421 1394 uerba
1466 1345 1728 1396 secundae
1778 1361 1902 1396 con-

205 1414 521 1484 iugationiS,
562 1414 695 1484 <de>
734 1431 837 1482 qua
875 1413 1068 1465 dicturi
1107 1431 1287 1465 sumus
1298 1453 1313 1482 ,
1370 1413 1508 1482 quod
1554 1414 1900 1482 praeteritum

205 1488 414 1552 tempus
463 1484 736 1537 habebunt
781 1487 842 1536 ut
889 1488 1026 1537 taceo
1075 1501 1278 1537 marceo
1321 1499 1496 1536 sarceo
1538 1485 1716 1549 serueo
1763 1485 1901 1538 caleo

141 1572 182 1604 20
206 1559 259 1607 et
313 1558 518 1619 cetera,
575 1572 709 1623 quae
764 1555 952 1623 procul
1001 1554 1233 1623 <dubio>
1283 1555 1632 1622 praeteritum
1689 1558 1901 1623 tempus

204 1626 398 1678 habere
445 1642 660 1677 necesse
710 1628 805 1677 est.
874 1624 1220 1693 inchogatiua
1270 1641 1397 1694 ergo
1447 1625 1615 1677 uerba
1663 1625 1762 1677 hoc
1800 1625 1901 1677 rite

206 1695 431 1748 dicenda
480 1699 632 1764 sunt,
682 1713 817 1764 quae
873 1712 993 1747 cum
1041 1695 1296 1747 declinari
1344 1696 1614 1762 praesenti
1660 1698 1900 1764 tempore

207 1767 505 1835 coeperint,
536 1766 823 1834 praeterito
849 1769 1030 1818 tamen
1057 1768 1294 1833 tempore
1322 1765 1558 1818 difficere
1585 1769 1897 1818 noscuntur.

346 1836 427 1888 De
473 1836 558 1888 his
597 1836 785 1888 formis
824 1836 1108 1888 uerborum
1149 1837 1292 1888 inter
1330 1834 1654 1906 Regulum
1693 1836 1899 1904 Cappa-

142 1923 184 1955 25
207 1906 396 1958 docum
444 1909 497 1958 et
535 1905 843 1959 Sedulum
881 1905 1187 1958 Romanum
1234 1923 1346 1958 non
1393 1906 1614 1959 minima
1661 1906 1903 1975 quaestio

207 1976 390 2028 habita
438 1979 544 2042 est,
593 1994 729 2044 quae
781 1994 947 2044 usque
985 1976 1050 2028 ad
1089 1976 1384 2046 gladiorum
1422 1994 1558 2044 pene
1597 1977 1902 2029 conflictum

207 2047 468 2114 peruenit.
518 2046 819 2115 quindecim
858 2063 1086 2114 namque
1111 2046 1361 2099 noctibus
1388 2047 1716 2115 totidemque
1743 2046 1901 2098 simul

207 2117 392 2169 diebus
438 2118 710 2169 insomnes
759 2119 812 2169 et
857 2116 1074 2184 indapes
1121 2134 1385 2184 mansere,
1435 2117 1604 2168 tribus
1642 2117 1901 2168 militibus

207 2188 472 2256 utrimque
519 2187 762 2255 sumptis,
826 2186 1118 2255 Regulus
1167 2187 1309 2238 enim
1347 2187 1444 2238 has
1481 2187 1679 2239 formas
1717 2187 1901 2238 uerbo-

145 2274 185 2306 30
208 2276 326 2310 rum
374 2258 491 2310 aliis
538 2257 872 2324 nominibuS,
925 2256 1041 2308 aliis
1098 2274 1304 2325 quoque
1341 2257 1728 2324 intellectibus,
1782 2257 1900 2308 aliis

208 2329 367 2380 etiam
416 2346 576 2397 quam
622 2345 723 2380 nos
767 2329 824 2379 in
861 2345 958 2379 usu
996 2326 1253 2379 habemus
1290 2328 1568 2379 uocitabat
1603 2327 1901 2380 rationibus

209 2398 398 2450 debere
448 2398 707 2467 intellegi.
770 2398 995 2450 formam
1039 2415 1268 2466 namque
1305 2398 1752 2466 frequentatiuam
1790 2415 1899 2449 om-

207 2469 365 2521 nibus
403 2468 560 2520 simul
596 2469 775 2521 uerbis
814 2467 1064 2520 accedere
1101 2486 1259 2536 posse
1299 2467 1643 2535 adfirmabat3
1691 2484 1902 2520 necnon

324 2614 341 2650 1
376 2608 506 2652 initis
537 2608 592 2652 N
617 2620 729 2652 corr.
759 2607 868 2651 Mai
888 2608 904 2664 ΙΙ
927 2608 1108 2652 Seneno
1139 2607 1210 2662 N,
1252 2607 1424 2651 Sereno
1455 2608 1563 2651 Mai
1583 2608 1598 2663 ΙΙ
1620 2611 1645 2651 8
1675 2607 1900 2663 temporis

210 2663 265 2706 N
288 2665 304 2718 ss
328 2669 380 2707 13
409 2663 725 2728 incogativam
755 2664 811 2707 N
834 2665 849 2719 fl
882 2669 931 2707 17
964 2663 1322 2720 coniugationis]
1353 2663 1461 2718 fort.
1492 2665 1646 2707 essent
1674 2663 1784 2706 add.
1810 2663 1825 2717 ΙΙ
1848 2667 1902 2706 20

209 2719 390 2775 procul]
427 2720 568 2764 dublo
599 2720 711 2763 add.
736 2721 841 2764 Mai
861 2721 876 2776 ΙΙ
899 2725 949 2763 21
981 2720 1152 2763 inchoa
1180 2720 1236 2763 N
1251 2721 1267 2774 ΙΙ
1289 2725 1343 2764 26
1372 2720 1547 2763 habeta
1566 2719 1623 2762 N
1638 2719 1653 2774 ΙΙ
1676 2723 1728 2762 28
1759 2718 1900 2774 indap

210 2788 423 2818 mansere
453 2776 509 2819 N
532 2778 547 2831 ΙΙ
576 2776 823 2832 militibus]
855 2775 1043 2818 milibus
1074 2776 1129 2819 N
1152 2777 1167 2831 ΙΙ
1198 2782 1251 2820 29
1282 2777 1532 2831 utrumque
1562 2775 1618 2818 N
1642 2776 1657 2830 ΙΙ
1681 2780 1733 2819 30
1763 2775 1898 2818 intel-

210 2830 358 2875 lectus
387 2831 442 2875 N
458 2833 474 2887 ΙΙ
496 2837 547 2876 31
579 2846 661 2875 nos
694 2846 834 2888 quam
864 2832 920 2876 N
944 2844 1056 2876 corr.
1088 2832 1207 2877 Mai.
