1980 3134
688 71 768 119 IV.
812 70 893 114 DE
924 69 1166 119 METRIS.
1708 73 1772 125 13

81 199 263 253 omnia
299 197 608 266 respiciunt,
645 199 1013 250 Uerumtamen
1049 215 1213 250 unum
1250 215 1409 251 nosse
1429 197 1586 250 debet
1611 216 1771 251 unus-

81 269 300 338 quisque
349 270 715 334 cantatorum,
765 267 906 336 quod
955 272 1126 320 metra
1173 268 1231 320 in
1279 286 1609 336 quacumque
1645 287 1773 337 pen-

80 342 260 392 satura
295 338 427 391 fona
450 338 574 391 sint.
634 340 861 390 metrum
887 356 951 390 ex
976 341 1118 391 meta
1141 356 1336 391 nomen
1362 340 1583 407 accepit,
1621 339 1773 392 cuius

79 409 241 479 pedes
297 411 421 462 sunt
474 408 602 462 dicti
657 408 804 461 uelut
849 408 1107 478 quaedam
1158 409 1465 462 medietates
1509 409 1771 474 sonorum,

81 499 216 549 quae
266 479 516 548 quoniam
563 479 879 531 necessitate
929 479 1180 531 cantandi
1228 498 1258 532 a
1294 480 1466 548 poetis
1505 480 1774 548 disparata
1818 501 1838 533 5

80 554 206 603 sunt
242 550 298 602 in
336 551 564 617 tantum,
603 551 664 602 ut
690 551 924 602 extrema
950 549 1064 601 foni
1087 552 1241 618 parte
1267 550 1326 602 in
1350 550 1577 602 alterum
1601 553 1772 603 trans-

78 621 188 674 lata
211 620 417 673 nullum
442 619 632 672 fonum
658 619 919 672 incolome
938 626 1232 688 remaneat,
1262 621 1365 673 hac
1387 638 1546 674 causa
1564 620 1773 673 nullum

78 693 311 743 metrum
335 690 555 759 planum
580 690 812 743 inueniri
836 692 1027 759 potest.
1073 691 1267 743 multas
1287 694 1463 744 autem
1481 694 1772 744 metrorum

84 761 380 814 cantilenas
427 763 648 830 propter
692 764 974 829 poetarum
1021 760 1402 831 rhetorumque
1439 762 1772 815 uoluntatem

80 850 262 885 eorum
299 833 474 884 sectae
501 831 791 884 declarant.
848 831 1109 900 quaedam
1137 832 1278 884 enim
1303 850 1474 900 prosa,
1514 832 1772 901 quaedam
1794 852 1832 884 10

79 903 286 972 liniata,
325 900 586 971 quaedam
624 902 782 955 etiam
821 901 1066 968 mederia,
1105 903 1368 955 nonnulla
1404 920 1660 971 perquam
1688 920 1772 954 ex—

78 975 234 1026 tensa
269 975 566 1042 ponuntur3
608 991 832 1041 quorum
870 990 1040 1041 pauca
1075 991 1173 1041 pro
1210 975 1391 1026 uestra
1425 973 1659 1026 utilitate
1687 991 1772 1025 ex·

79 1043 332 1112 possituri
388 1062 581 1096 sumus
663 1061 822 1112 prosa
870 1042 1083 1111 quidem
1133 1047 1258 1096 sunt
1299 1061 1393 1114 per
1442 1045 1772 1112 breuitatem,

82 1115 221 1167 sicut
258 1115 310 1169 in
352 1115 574 1167 Aenea
610 1114 808 1167 lectum
847 1117 927 1167 est
1284 1135 1287 1139 ¹

454 1226 697 1280 Phoebas
731 1228 916 1294 suryit,
959 1228 1158 1280 caelum
1193 1228 1415 1294 scandit,
1796 1253 1836 1284 15

448 1298 571 1365 polo
609 1298 782 1364 claret,
821 1299 1018 1351 cunctis
1043 1301 1216 1366 paret.

79 1423 159 1476 hii
194 1424 298 1477 duo
331 1442 517 1477 uersus
544 1427 665 1476 octo
692 1427 860 1476 metra
884 1424 1102 1488 habent,
1128 1424 1363 1492 primum
1383 1425 1525 1476 enim
1545 1427 1773 1476 metrum

84 1495 324 1548 Phoebas
361 1499 470 1561 est,
518 1495 806 1547 secundum
843 1497 1014 1562 saryit
1060 1498 1114 1546 et
1160 1495 1235 1547 sic
1273 1512 1368 1562 per
1405 1498 1581 1547 cetera
1617 1494 1773 1562 fona,

82 1568 137 1617 et
161 1565 239 1617 ita
264 1565 342 1616 hii
372 1565 474 1617 duo
508 1564 717 1617 collecti
739 1564 968 1617 sedecim
998 1564 1221 1632 pedibus
1239 1564 1550 1617 fulciuntur.
1591 1583 1775 1617 omnes

81 1637 257 1687 autem
295 1636 440 1703 prosi
466 1653 651 1687 uersus
675 1653 772 1703 per
796 1635 1088 1703 spondeum
1115 1635 1200 1687 edi
1226 1635 1416 1688 solent.
1466 1635 1571 1688 hoc
1596 1638 1774 1699 autern
1798 1651 1840 1683 20

81 1705 358 1758 sciendum
397 1708 491 1769 est,
534 1706 675 1774 quod
700 1706 843 1758 inter
869 1723 1053 1758 omnes
1078 1705 1239 1774 pedes
1266 1705 1509 1774 dactylus
1536 1708 1590 1758 et
1615 1724 1774 1774 spon-

86 1777 214 1829 deus
261 1776 621 1844 principatum
671 1775 919 1830 habeant.
995 1775 1350 1829 mederiorum
1397 1793 1646 1828 uersuum
1694 1780 1776 1828 est

81 1865 180 1899 nec
217 1864 401 1915 prosos
438 1864 538 1899 nec
575 1846 791 1899 liniatos
827 1847 971 1914 fieri,
1010 1847 1150 1915 quod
1187 1846 1357 1916 magis
1394 1863 1491 1914 pro
1522 1849 1776 1899 cantuum

82 1917 360 1970 modulatu
382 1935 539 1985 quam
556 1917 781 1970 rationis
801 1921 1045 1986 respectu
1060 1920 1371 1970 consuetum
1385 1916 1735 1970 estVarron
1748 1935 1776 1970 e

82 1991 306 2041 canente
1797 2001 1839 2034 25

450 2087 587 2153 festa
624 2087 769 2140 dium
806 2087 1080 2141 sollemnia

444 2157 618 2225 pupla
650 2174 747 2225 per
783 2174 975 2211 canam
1011 2158 1246 2226 conpita,

199 2345 220 2383 l
255 2340 462 2382 omnium
492 2339 550 2383 N
563 2341 580 2396 ΙΙ
601 2344 626 2382 2
657 2340 941 2396 pensaturea
964 2341 1010 2384 P
1031 2341 1047 2395 ΙΙ
1069 2345 1094 2384 3
1116 2339 1289 2395 accipit
1308 2339 1354 2382 P
1374 2339 1390 2394 ΙΙ
1413 2342 1438 2382 5
1460 2338 1700 2394 disperata
1718 2337 1776 2387 P,

83 2397 274 2452 dispara
303 2395 360 2439 N
373 2397 390 2451 ΙΙ
412 2400 437 2439 6
467 2395 720 2440 translatra
746 2396 794 2439 P
813 2397 830 2452 ΙΙ
853 2401 876 2439 7
907 2397 1149 2440 fonumum
1177 2395 1224 2439 P
1244 2396 1260 2451 ΙΙ
1281 2395 1516 2438 incolume
1545 2394 1601 2438 N
1616 2394 1633 2450 ΙΙ
1654 2398 1680 2438 8
1709 2393 1778 2436 in-

84 2453 244 2496 venire
279 2451 335 2495 N
357 2453 372 2508 ΙΙ
402 2451 575 2495 multas
604 2453 792 2496 iteravit
821 2453 867 2495 P
895 2453 911 2508 ΙΙ
940 2466 968 2496 a
997 2453 1148 2495 metro
1179 2451 1235 2496 N
1256 2453 1320 2507 119
1351 2451 1590 2495 rebtorum
1619 2450 1703 2506 ΡΙ]
1727 2454 1779 2494 10

83 2538 213 2580 secta
231 2536 278 2579 P
298 2537 388 2599 u.¹'2
419 2509 586 2579 iilitate
615 2536 661 2579 P
681 2536 697 2591 ΙΙ
721 2540 772 2580 13
802 2549 887 2591 per
914 2523 1088 2579 braviae
1118 2536 1163 2578 P
1184 2536 1200 2591 ΙΙ
1225 2539 1276 2578 14
1305 2534 1442 2578 sicuti
1462 2533 1519 2577 N
1532 2534 1548 2591 ΙΙ
1572 2538 1625 2578 15
1642 2533 1781 2598 iebus

83 2594 130 2637 P
158 2594 174 2648 ΙΙ
206 2597 255 2636 17
285 2592 335 2634 h1
363 2591 419 2636 N
441 2592 457 2648 ss
487 2591 608 2635 aduo
638 2592 684 2635 P
704 2593 720 2647 ΙΙ
741 2604 901 2635 vorsus
931 2591 988 2636 N
1011 2593 1027 2648 ΙΙ
1059 2596 1110 2636 18
1177 2604 1268 2635 ona
1295 2591 1342 2635 P
1362 2591 1378 2647 n
1403 2596 1453 2635 19
1483 2590 1577 2634 duo
1605 2590 1655 2632 lu
1683 2589 1776 2644 ΝΗ

85 2648 326 2693 fulountur
354 2648 410 2692 N
432 2650 448 2705 ss
478 2653 533 2692 20
570 2649 679 2692 aedi
706 2648 773 2700 P,
845 2648 892 2691 di
928 2647 986 2692 N
1006 2650 1022 2704 ΙΙ
1051 2653 1101 2691 21
1170 2647 1350 2691 actulus
1387 2648 1454 2701 P,
1493 2646 1692 2690 dactilus
1729 2645 1788 2690 N

87 2706 254 2761 (saepe)
277 2706 293 2759 ΙΙ
315 2710 367 2748 22
398 2703 714 2749 medoriorum
744 2706 790 2748 P
811 2705 818 2760 Ι
850 2707 921 2748 est
950 2719 1066 2750 vers.
1098 2703 1155 2748 N
1168 2705 1184 2760 ΙΙ
1206 2709 1260 2747 23
1289 2716 1452 2760 prosus
1472 2702 1596 2746 P¹N
1609 2703 1625 2759 ΙΙ
1645 2702 1779 2746 linia-

84 2763 162 2805 tus
191 2761 246 2806 N
269 2762 284 2817 ΙΙ
314 2763 533 2804 cantaum
562 2761 630 2815 P,
671 2761 858 2804 cantum
889 2761 945 2805 N
966 2761 1061 2817 1124
1091 2761 1324 2804 cosectum
1354 2760 1428 2816 ΡΙ
1459 2763 1513 2804 25
1544 2760 1658 2803 nent
1686 2759 1733 2803 P
1757 2759 1775 2814 ΙῚῚ

87 2822 142 2861 26
172 2817 270 2861 fet-a
299 2818 345 2861 P
365 2819 380 2874 ΙΙ
403 2817 680 2874 sollempnia
708 2817 865 2873 121127
897 2818 1065 2873 copeta
1093 2817 1159 2871 P,
1191 2818 1392 2873 conpeta
1473 2850 1482 2859 .
