1980 3134
672 87 731 132 11.
775 87 855 131 DE
884 87 1264 137 PRONOMINE.
1717 93 1813 145 121

611 241 680 294 ΙΙ.
738 241 836 294 DE
873 242 1328 297 PRONOMINE.

265 353 383 406 Nisi
436 354 661 405 forsitan
708 356 950 406 nostrum
1001 373 1133 423 opus
1180 354 1475 408 claudicare
1520 358 1814 424 putaretur,

127 424 172 475 si
209 441 316 476 non
358 424 517 476 etiam
555 425 858 492 pronomini
897 443 991 476 sua
1030 425 1254 494 epistola
1277 425 1470 478 fuisset
1493 426 1725 495 reddita,
1763 430 1817 479 et

123 494 225 546 tibi
262 494 509 546 desiderii
545 495 626 546 tui
652 494 831 562 aliqua
855 497 1031 562 portio
1060 495 1301 556 subtrahi
1326 496 1615 560 uideretur,
1654 497 1813 549 uelim

124 565 338 632 quidem
376 563 439 616 de
474 564 791 631 pronomine
828 566 1000 634 magis
1041 566 1382 618 conticiscere
1422 585 1580 646 quam
1614 566 1813 635 aliquid

124 634 323 698 dicere,
362 635 673 702 praesertim
705 652 826 686 cum
849 638 959 687 tam
986 636 1141 687 multi
1167 636 1230 687 de
1256 637 1355 688 hac
1381 638 1636 690 orationis
1661 641 1813 705 parte
1857 653 1878 685 5

124 705 294 756 multa
331 709 385 756 et
422 704 565 756 clara
601 704 687 756 uel
724 705 978 773 opuscula
1014 706 1232 774 propria
1257 706 1344 758 uel
1372 710 1665 759 ceterorum
1694 725 1815 776 ope—

123 793 239 826 rum
277 775 395 826 loca
427 774 557 826 haec
583 774 767 826 eadem
793 779 1052 854 occupata
1079 775 1481 845 descripserint,
1519 777 1610 829 sed
1637 780 1690 830 et
1715 795 1813 847 ego

122 845 236 914 ipse
274 845 330 895 in
370 845 615 912 epitomis
650 847 733 896 ter
758 863 936 913 qumis
962 864 1182 897 numero
1207 847 1482 926 proprium
1509 848 1814 914 pronomini

122 914 404 967 indixerim
444 914 774 983 opusculum.
832 919 1202 967 Uerumtamen
1230 934 1297 968 ne
1324 917 1382 968 in
1408 917 1540 968 illud
1570 917 1813 986 Glengi

122 985 384 1050 incedam,
414 984 556 1053 quod
580 985 790 1037 cuidam
819 986 1127 1038 conflictum
1146 986 1377 1053 fugienti
1395 987 1569 1038 dicere
1586 987 1812 1039 fidenter
1837 1002 1878 1033 10

122 1073 281 1107 ausus
307 1059 388 1107 est
409 1072 573 1123 9αν90
610 1056 785 1123 inquit
817 1056 987 1123 fuyax
1019 1056 1255 1122 fambulo
1293 1058 1483 1124 diqnus
1519 1062 1606 1123 est,
1645 1075 1814 1125 pauca

120 1126 219 1178 tibi
257 1125 337 1177 tui
374 1126 581 1193 negotii
618 1127 918 1178 necessaria
956 1126 1019 1178 de
1058 1126 1368 1194 pronomine
1406 1126 1730 1195 profabulor.

262 1195 501 1247 Primum
546 1197 604 1247 in
641 1196 825 1247 ordine
863 1214 1160 1264 pronomen
1197 1196 1407 1249 finitum
1446 1200 1528 1249 est
1564 1214 1675 1264 090,
1713 1197 1812 1264 <de

121 1266 263 1333 quo>
323 1268 433 1317 tam
488 1265 648 1317 multi
702 1267 1009 1318 innumeras
1066 1266 1403 1319 uentilabant
1457 1268 1810 1335 quaestioneS,

119 1337 478 1388 inscrutantes
526 1336 791 1405 quomodo
839 1340 892 1388 et
942 1355 1046 1405 qua
1092 1338 1298 1389 ratione
1335 1339 1447 1388 tam
1484 1337 1811 1389 desimilibus
1833 1350 1878 1384 1⁵

119 1406 289 1458 literis
330 1407 468 1458 idem
506 1424 804 1474 pronomen
855 1408 1196 1475 conpositum
1245 1407 1340 1472 sit,
1390 1411 1450 1458 ut
1486 1407 1693 1459 dicatur
1725 1424 1813 1475 090

117 1478 245 1539 mei,
287 1476 426 1544 quod
463 1477 600 1544 pleri
638 1477 872 1545 iurgium
910 1477 985 1528 ita
1023 1477 1176 1529 docte
1214 1477 1397 1529 sedare
1434 1477 1713 1542 uolebant,
1752 1479 1814 1529 ut

119 1519 463 1598 adfii·marent
492 1564 581 1614 090
608 1547 750 1599 inter
774 1549 1090 1615 monoptota
1115 1547 1304 1599 debere
1332 1565 1539 1616 semper
1564 1547 1810 1614 adscribi,

116 1620 177 1669 ut
224 1617 279 1668 in
328 1617 474 1668 omni
518 1635 740 1669 numero
789 1635 984 1685 genere
1032 1622 1086 1669 et
1136 1635 1289 1670 cassu
1335 1634 1423 1684 090
1471 1617 1814 1687 singulariter

117 1688 394 1742 diceretur
478 1686 877 1740 Terrentius
932 1705 1018 1755 090
1074 1689 1218 1740 inter
1272 1687 1536 1740 defectiua
1591 1687 1814 1740 credidit
1835 1701 1878 1733 20

112 1757 484 1819 iudicandum,
524 1760 584 1809 ut
621 1757 824 1810 scilicet
858 1761 1077 1826 excepto
1103 1758 1215 1810 solo
1242 1758 1577 1810 nominatiuo
1603 1758 1811 1809 nullum

117 1846 324 1880 cassum
382 1827 619 1880 haberet.
703 1828 913 1895 utrique
968 1832 1150 1880 tamen
1205 1829 1455 1880 concordi
1509 1828 1810 1880 hortamine

117 1898 440 1966 definitoque
487 1898 659 1950 edicto
707 1898 957 1951 dicebant
1002 1916 1098 1967 pro
1136 1915 1222 1966 090
1271 1900 1409 1950 mins
1447 1897 1810 1966 accipiendum

231 2070 295 2109 13.
334 2065 451 2110 Exc.
491 2064 635 2109 Bern.
668 2078 719 2120 Ρ.
757 2068 864 2119 195,
896 2068 949 2109 2:
998 2065 1204 2109 Primum
1236 2103 1246 2113 ,
1279 2099 1288 2108 .
1375 2065 1431 2108 (10
1478 2078 1571 2128 quo
1616 2066 1714 2109 tam
1754 2098 1765 2108 .
1797 2100 1807 2108 .

115 2122 412 2166 ventilabant
463 2122 761 2177 quaestiones
790 2121 1046 2186 quomodo
1085 2155 1097 2165 .
1138 2153 1146 2162 .
1293 2100 1594 2164 dissimihbus
1637 2120 1808 2164 litteris

113 2178 163 2221 id
194 2179 306 2222 est.
382 2178 643 2233 ,quodque
680 2178 883 2241 iurgium
920 2177 988 2221 ita
1018 2177 1232 2221 doctores
1264 2213 1274 2224 .
1306 2212 1315 2221 .
1348 2211 1359 2221 .
1389 2178 1444 2220 ut
1480 2177 1528 2219 in
1566 2178 1808 2220 nominum

114 2235 274 2278 nostro
307 2268 349 2281 ..
416 2232 608 2277 definito
643 2268 651 2276 .
676 2267 685 2278 .
710 2268 719 2277 .
752 2248 790 2276 81
818 2234 888 2277 ita
918 2247 1001 2277 cur
1029 2266 1039 2277 .
1138 2234 1300 2277 littera
1329 2234 1541 2276 servatur
1572 2233 1809 2289 ordolllsic

116 2325 125 2334 .
160 2326 168 2335 .
204 2324 213 2334 .
243 2303 337 2334 non
368 2273 644 2333 dubit-antur
673 2303 774 2333 0880
807 2325 817 2336 .
852 2323 862 2333 .
894 2324 903 2334 .
938 2291 990 2333 ut
1020 2267 1081 2333 sit
1109 2290 1200 2332 rite
1232 2322 1242 2332 .
1275 2323 1284 2333 .
1320 2323 1328 2331 .
1362 2323 1371 2332 .
1402 2290 1720 2344 receperunt

112 2346 354 2403 plurali.
377 2345 694 2390 ,retullissem
725 2370 778 2376 —
807 2345 1072 2400 grande—
1103 2346 1352 2388 extrimum
1385 2347 1518 2400 (corr.
1538 2358 1594 2388 m.
1615 2346 1664 2398 2)
1686 2357 1807 2400 quae

115 2379 367 2446 secundum
398 2426 451 2433 —
482 2401 560 2444 vel
591 2414 777 2444 suorum
809 2401 935 2456 quod
966 2426 1018 2433 —
1050 2401 1285 2444 scribitur.

225 2539 452 2584 INCIPIT
488 2539 771 2584 SECUNDA
801 2539 882 2582 DE
912 2539 1270 2583 PRONOMINE
1299 2540 1315 2593 ΙΙ
1348 2545 1373 2583 3
1405 2539 1586 2583 subtrai
1614 2539 1670 2583 N
1693 2540 1756 2595 113
1775 2539 1807 2582 f.

113 2601 135 2642 t
154 2597 396 2652 inquidem
425 2596 483 2639 N
496 2597 511 2651 ΙΙ
533 2601 560 2638 4
590 2610 699 2651 mag
703 2597 715 2638 i
746 2595 804 2639 N
818 2597 833 2651 ΙΙ
856 2601 879 2639 7
912 2595 1213 2651 descripserit
1240 2595 1296 2639 N
1311 2596 1326 2651 ΙΙ
1348 2600 1374 2639 8
1399 2609 1457 2650 ep
1460 2595 1693 2639 hethomis
1714 2594 1772 2639 N
1782 2595 1803 2651 ΙΙ

115 2660 165 2696 11
197 2653 358 2697 fabulo
387 2652 444 2695 N
467 2657 517 2696 at
541 2652 605 2716 *Cfi
635 2652 861 2696 Aldhelm.
887 2664 935 2706 Ρ.
966 2655 1022 2695 95
1054 2652 1141 2701 (ed.
1177 2651 1321 2706 Giles)
1352 2653 1367 2707 ΙΙ
1399 2651 1497 2696 13f.
1535 2651 1592 2694 de
1630 2665 1720 2707 quo
1752 2665 1808 2695 ex

112 2710 159 2752 B
187 2709 396 2764 supplevi
417 2709 432 2763 ΙΙ
456 2713 509 2751 14
537 2708 792 2752 innumeris
823 2707 879 2751 N
901 2709 917 2764 ss
946 2660 1181 2751 ventilant
1210 2707 1287 2762 Nl
1281 2709 1296 2770 {J
1322 2713 1371 2750 16
1401 2707 1679 2763 pronominfi
1709 2707 1765 2772 N
1783 2707 1803 2763 Η

113 2772 165 2809 17
200 2766 354 2821 docte]
387 2764 493 2817 fort.
498 2764 682 2808 =dooti
710 2764 727 2820 ΙΙ
756 2769 806 2807 21
840 2763 1026 2808 nomine
1058 2762 1109 2807 N
1129 2765 1145 2819 ΙΙ
1167 2768 1219 2807 23
1251 2763 1524 2819 difinitoque
1554 2762 1612 2807 N
1625 2764 1641 2819 [l
1663 2762 1807 2807 nnius

114 2824 162 2878 (0
193 2823 327 2877 eras.)
360 2820 423 2864 Ν.
