1980 3134
158 130 259 183 100
843 125 1166 170 APPENDIX.

353 365 450 419 ΠΙ.
504 363 1022 417 FRAGMENTUM
1060 361 1652 417 MEDIOLANENSE.

279 512 370 557 HIC
412 510 684 545 SECUNTUR
719 509 1083 561 ETHIMOLOGIFJ
1120 509 1387 543 VIRGILIUS
1425 509 1731 542 PRESBYTER

864 579 1137 613 HISPANUS.

298 673 519 727 Caelum
590 673 782 725 dicitur
845 673 970 741 quia
1026 673 1284 741 quaedam
1341 672 1567 740 grandia
1622 671 1854 724 archana

163 744 348 798 caelat.
411 743 858 812 philosophorum
895 743 1205 811 peritissimi
1231 747 1427 795 uocant
1455 742 1624 794 altum
1651 743 1855 794 caelum

160 819 220 867 ut
257 814 501 866 diximus.
561 815 652 866 sed
678 813 1013 866 altitudinem
1039 818 1093 866 et
1117 812 1541 882 profunditatem
1567 816 1859 881 numquam

162 885 483 964 significant.
555 883 782 952 denique
830 902 977 935 mare
1024 884 1136 936 siue
1187 882 1441 951 quicquid
1478 882 1621 934 infra
1657 887 1856 934 terram

117 973 137 1005 5
161 962 242 1008 est
287 955 522 1023 positum
569 955 737 1006 altum
781 955 1101 1006 nominatur.
1167 954 1304 1007 sicut
1340 970 1501 1005 senex
1549 952 1731 1004 donon
1777 953 1855 1004 in·

160 1043 345 1078 menso
403 1025 581 1076 dolore
638 1028 916 1092 superatus
973 1024 1213 1092 corporei
1271 1023 1394 1074 mali
1449 1026 1662 1075 noctem
1708 1022 1857 1075 uelut

161 1096 475 1164 longissima
519 1094 795 1147 fastidium
833 1094 1119 1146 sustinens,
1184 1111 1247 1145 ac
1285 1093 1444 1144 solito
1483 1092 1858 1172 languentium

160 1183 310 1218 more
368 1166 507 1217 diem
563 1165 776 1217 euenire
833 1165 1167 1231 desideranS,
1231 1170 1497 1231 tamquam
1556 1164 1601 1215 si
1658 1163 1858 1232 aliquid

160 1235 362 1304 requiei
400 1236 608 1303 corpori
644 1235 785 1287 foret
833 1235 1110 1299 allaturuS‚
1162 1233 1259 1286 tali
1303 1233 1654 1313 praecabatur
1699 1233 1858 1286 modo

101 1324 140 1357 ιο
163 1307 400 1358 obsecro
450 1322 548 1358 uos
595 1324 625 1357 ο
673 1305 769 1357 alti
817 1305 1133 1373 quicumque
1180 1304 1333 1369 estis,
1386 1304 1616 1355 emittite
1663 1304 1730 1355 ad
1775 1321 1860 1356 me

163 1376 330 1429 solem
376 1377 520 1428 intra
566 1375 772 1441 lucere,
823 1375 961 1427 diem
1015 1376 1263 1443 protinus
1310 1373 1635 1427 allaturum'.
1698 1380 1858 1438 terra,

163 1464 224 1499 eo
282 1448 421 1514 quod
466 1446 691 1514 pedibus
745 1446 963 1508 teritur,
1028 1446 1119 1497 sed
1172 1445 1326 1498 aliter
1375 1448 1679 1513 separatur,
1737 1445 1862 1513 quia

162 1535 223 1570 ra
267 1516 528 1585 portatrix
573 1519 633 1568 ut
680 1516 916 1584 genitrix
963 1516 1020 1568 in
1057 1516 1226 1568 latino
1264 1514 1644 1584 philosophice.
1718 1515 1860 1567 unde

163 1605 327 1639 naues
365 1605 496 1655 quae
523 1590 743 1654 portant
767 1604 912 1638 rares
939 1586 1203 1641 dicuntur.
1260 1592 1344 1638 ter
1369 1586 1536 1653 igitur
1561 1603 1622 1637 ra
1648 1585 1859 1638 dicitur.

103 1678 143 1710 15
164 1658 335 1726 primo
385 1657 508 1725 quia
555 1675 618 1708 ex
658 1675 721 1709 ea
757 1657 1043 1736 nascimur.
1105 1656 1245 1708 unde
1284 1674 1349 1708 ex
1385 1655 1548 1708 humo
1587 1655 1748 1708 homo
1787 1655 1863 1708 di-

167 1728 321 1780 citur.
378 1727 611 1780 secundo
651 1727 775 1795 quia
813 1745 877 1779 ex
915 1727 1027 1779 eius
1051 1727 1258 1779 fructus
1284 1726 1490 1781 alimur
1550 1726 1711 1779 tertio
1740 1726 1864 1795 quia

164 1799 224 1850 in
261 1815 378 1850 eam
415 1798 556 1850 laeto
596 1798 758 1850 soluti
792 1797 978 1849 uelut
963 1815 1021 1849 in
1054 1798 1242 1849 matris
1267 1796 1484 1849 uuluam
1510 1796 1860 1849 recondimur.

165 1886 312 1920 mare
349 1868 415 1920 ab
453 1867 809 1920 amaritudine
847 1868 1064 1927 dicitur,
1113 1868 1179 1920 ab
1216 1867 1429 1919 hebreis
1469 1884 1725 1935 aquarum
1760 1867 1864 1920 col—

167 1938 358 1990 lectus,
392 1956 423 1989 a
460 1937 794 2006 philosophis
833 1956 898 1989 ex
936 1937 1137 1990 duobus
1177 1938 1517 2006 componitur
1543 1937 1693 1989 uelut
1718 1955 1865 2006 mag-

104 2029 145 2061 20
169 2026 239 2060 na
261 2025 362 2060 res,
420 2008 556 2059 nulli
582 2008 884 2060 mortalium
921 2013 1065 2059 nota.
1129 2007 1285 2060 stella
1323 2007 1659 2063 destillandO.
1720 2012 1863 2059 astra

169 2078 234 2130 de
289 2078 582 2130 uariaetate
629 2079 837 2146 picture
885 2082 1024 2130 aster
1082 2078 1278 2146 quippe
1329 2077 1469 2145 apud
1515 2077 1864 2145 philosophos

168 2149 344 2217 pictor
381 2147 589 2201 dicitur.
646 2149 779 2200 situs
814 2148 877 2200 de
915 2150 1020 2200 situ
1058 2148 1263 2200 altiore.
1330 2147 1544 2200 uolucer
1590 2167 1623 2199 a
1668 2147 1865 2200 ueloci-

168 2221 296 2271 tate.
360 2219 475 2271 auis
524 2219 590 2270 ab
641 2219 775 2270 auiis
821 2217 923 2271 hoc
977 2224 1058 2270 est
1113 2217 1334 2270 desertis
1381 2217 1529 2274 locis,
1584 2218 1756 2270 bestia
1801 2218 1866 2269 de

170 2288 323 2356 besu,
386 2288 489 2341 hoc
539 2293 620 2341 est
678 2288 972 2341 ferocitate.
1045 2288 1203 2340 belua
1248 2288 1455 2341 marina
1501 2287 1709 2340 dicitur.
1779 2288 1867 2340 bel

108 2378 149 2412 25
174 2359 317 2411 enim
375 2377 519 2411 mare
571 2378 602 2411 a
656 2358 992 2427 philosophis
1050 2363 1288 2411 uocatur.
1373 2375 1495 2411 caro
1557 2377 1588 2410 a
1647 2359 1866 2411 caritate

175 2429 531 2497 cogitationis.
601 2447 792 2497 corpus
844 2448 875 2481 a
914 2429 1357 2498 corruptibilitate
1394 2433 1616 2482 naturae
1654 2429 1865 2481 dicitur.

176 2499 267 2551 sed
303 2499 405 2552 hoc
443 2499 506 2552 de
544 2500 779 2552 nomine
838 2505 1103 2552 caeterum
1132 2500 1178 2552 si
1204 2517 1360 2551 omne
1386 2498 1528 2568 quod
1553 2500 1693 2552 uisui
1719 2503 1868 2568 patet

178 2586 364 2637 corpus
412 2570 630 2634 dicitur,
677 2570 1054 2638 requirendum
1091 2572 1193 2634 est,
1241 2569 1382 2622 unde
1419 2571 1716 2650 appellatur
1747 2588 1865 2638 pus,

177 2657 277 2706 pus
312 2640 372 2690 in
408 2611 677 2692 latinitate
714 2640 1088 2708 philosophica
1127 2611 1380 2694 cu'stodia.
1437 2640 1574 2692 sicut
1597 2640 1866 2718 origenius

113 2728 156 2761 30
180 2708 310 2760 dicit
346 2710 553 2775 ‘positis
590 2710 649 2762 in
677 2729 808 2778 pure
843 2710 1099 2763 fratribus
1125 2711 1267 2763 solus
1294 2710 1502 2762 euasit'.
1565 2711 1665 2762 hoc
1704 2712 1785 2762 est
1810 2728 1867 2761 1n

181 2795 405 2830 carcere.
469 2797 659 2857 corpus
707 2798 835 2847 ergo
885 2799 916 2832 a
954 2798 1149 2833 corona
1186 2780 1574 2847 circumdandi,
1619 2783 1672 2833 et
1710 2798 1739 2831 a
1779 2797 1865 2832 cu-

180 2848 350 2900 stodia
395 2848 663 2902 retinendi
701 2850 908 2902 dicitur.
982 2858 1140 2919 caput
1187 2869 1217 2902 a
1266 2851 1558 2918 capacitate
1605 2850 1865 2902 sumendi.
