1980 3134
719 81 821 126 vn.
869 80 950 125 DE
979 80 1198 129 UERBO.
1737 85 1808 140 49

110 212 266 264 meris
315 211 414 264 ille.
491 211 674 262 beatus
721 210 980 261 Aeneas
1028 227 1134 261 11110
1182 211 1395 262 tantum
1440 210 1557 263 loco
1605 229 1806 264 nomen

111 281 275 334 uerbo
327 279 584 360 anteponi
637 278 826 331 debere
885 279 1163 346 censebat,
1222 297 1344 332 cum
1397 279 1539 333 idem
1586 282 1807 335 verbum

110 352 315 421 primae
353 348 660 420 possitionis
697 366 896 401 nomen
932 350 1272 418 praecederet
1309 353 1363 403 et
1399 351 1533 403 aliut
1565 370 1806 421 sequere—

110 429 221 486 tur,
274 422 426 474 breui
472 436 662 489 quasso
708 419 840 472 dans
878 420 1183 473 terminum.
1261 421 1410 474 cuius
1447 422 1523 474 rei
1563 422 1807 491 exempla

113 493 171 545 in
197 495 452 561 prumptu
477 490 746 543 habentur
767 490 976 543 dicente
1005 491 1191 543 eodem
1226 492 1304 546 sol
1327 493 1386 545 in
1411 493 1552 546 caelo
1576 493 1807 562 splendet
1827 511 1848 544 5

108 564 297 616 radius
333 565 387 615 et
422 562 618 614 iterum
654 561 743 614 uir
780 562 840 615 in
875 578 930 614 eo
967 563 1107 629 uiget
1138 578 1225 615 cor
1261 565 1315 614 et
1349 562 1478 615 alibi
1503 564 1628 617 deus
1647 564 1806 644 fortis
1852 623 1857 628 ,

108 637 181 687 est
215 634 481 698 potentiae
526 637 621 686 ius.
694 630 782 683 hic
825 631 1087 684 Aeneas
1134 633 1514 700 pronominum
1565 635 1805 687 omnium

109 703 340 772 primum
389 720 502 755 esse
551 701 796 754 definiuit
840 719 953 770 eqo,
1006 703 1128 771 quia
1172 705 1226 754 et
1272 704 1444 756 omnis
1491 705 1703 773 generis
1752 707 1806 757 et

107 774 310 843 primae
360 789 636 842 personae.
719 771 929 824 dicebat
976 790 1207 842 quoque,
1263 774 1404 841 quod
1449 775 1536 828 ille
1581 792 1693 827 non
1740 775 1805 827 ad

109 861 519 924 quamcumque,
569 843 660 896 sed
707 843 773 895 ad
812 845 1138 911 superiorem
1174 861 1458 911 personam
1495 845 1682 898 referri
1720 845 1870 898 de-10

108 916 257 968 beret
311 915 450 967 sicut
495 913 814 966 Homerus
870 913 945 966 ait
995 914 1081 968 ille
1131 915 1551 981 opulentissimus
1596 932 1691 969 rex
1727 934 1805 969 re-

104 987 236 1054 9ina
282 1001 410 1038 usus
456 985 554 1038 dea
600 985 697 1039 illa
743 984 958 1052 coniuye
1005 1002 1135 1038 cara
1183 987 1235 1036 et
1268 985 1463 1037 iterum
1499 986 1586 1039 ille
1622 986 1807 1040 lunam

100 1060 286 1124 potens
313 1056 533 1124 plenam
568 1055 789 1123 spiritus
823 1055 999 1123 inynit
1033 1056 1093 1108 in
1119 1055 1387 1122 placorem
1413 1057 1558 1109 lucis.
1623 1056 1716 1109 sed
1743 1056 1806 1109 de

108 1128 330 1179 Aenea
389 1127 494 1179 ista
550 1125 822 1178 sufficiant
871 1125 1027 1177 simul
1075 1127 1129 1177 et
1173 1126 1483 1193 pronomini
1529 1127 1805 1180 tractando

108 1197 230 1248 finis
279 1197 367 1249 hic
403 1196 614 1249 dabitur
650 1196 717 1248 ad
753 1195 904 1248 uerbi
941 1195 1325 1249 festinantibus
1364 1197 1516 1249 nobis
1555 1198 1803 1267 explana·
1830 1218 1870 1250 15

107 1268 314 1320 tionem
352 1267 726 1337 degerendam.

676 1434 797 1487 VII.
835 1434 935 1487 DE
975 1433 1242 1488 UERBO.

247 1562 474 1614 Memini
528 1580 612 1614 me
658 1579 778 1614 cum
824 1579 994 1614 essem
1038 1561 1468 1614 adolescentulus
1516 1561 1807 1615 scolaribus

108 1632 295 1685 studiis
345 1632 552 1685 deditus
599 1632 828 1701 quodam
874 1632 1180 1684 interfuisse
1230 1631 1314 1684 die
1361 1633 1652 1685 conuentui
1688 1649 1805 1702 gra-

107 1703 442 1769 maticorum,
482 1704 570 1772 qui
607 1720 717 1755 non
755 1703 931 1755 minus
969 1720 1129 1771 quam
1164 1702 1364 1755 trienta
1399 1702 1458 1754 in
1492 1721 1661 1755 unum
1684 1721 1805 1772 pos-

108 1773 198 1826 siti
234 1774 292 1826 in
329 1773 483 1825 laude
522 1774 715 1826 artium
754 1776 807 1826 et
845 1773 1034 1825 decore
1064 1773 1419 1842 conponendo
1450 1773 1621 1826 multa
1646 1791 1802 1842 quae·
1828 1799 1869 1831 20

111 1844 299 1912 siuere,
340 1847 393 1897 et
429 1843 533 1896 hoc
571 1861 756 1896 omnes
794 1847 1064 1908 ratauere,
1113 1843 1252 1912 quod
1288 1843 1427 1895 nihil
1464 1843 1529 1896 ad
1567 1845 1804 1897 testimo-

107 1915 320 1967 niorum
340 1915 795 1984 conpossitionem
815 1913 1113 1966 faciendam
1133 1914 1339 1966 utillius
1360 1917 1413 1966 et
1432 1915 1806 1982 conpetentius

110 1988 249 2038 esset
303 2003 462 2053 quam
514 1989 575 2038 ut
621 1986 771 2039 uerbi
819 1985 1032 2054 integra
1072 1985 1363 2054 expossitio
1403 1985 1566 2054 digne
1614 1985 1805 2055 digno-

224 2216 245 2253 1
277 2211 444 2254 beatus
474 2223 556 2256 om
590 2210 647 2253 N
668 2212 684 2266 ss
714 2223 804 2254 uno
835 2211 868 2254 t.
897 2210 927 2252 l.
958 2222 1040 2254 om.
1074 2209 1130 2253 N
1151 2210 1213 2265 112
1246 2208 1470 2272 anteponi
1501 2208 1539 2263 (i
1560 2221 1616 2251 ex
1636 2210 1678 2260 e)
1708 2207 1762 2271 N
1783 2208 1802 2263 Η

110 2266 344 2311 censaebat
371 2267 418 2311 P
438 2268 454 2323 ΙΙ
476 2267 698 2311 censebat
734 2267 788 2311 ut
825 2266 991 2310 eodem
1030 2265 1099 2310 sol
1127 2265 1183 2311 N
1198 2267 1214 2322 ΙΙ
1235 2273 1262 2309 4
1293 2279 1532 2308 aermlnum
1561 2265 1607 2309 P
1628 2264 1643 2319 ΙΙ
1667 2268 1691 2308 5
1721 2263 1806 2306 im-

110 2351 295 2408 prupt‘a
325 2352 371 2395 P
400 2352 416 2407 ΙΙ
447 2351 549 2395 calo
587 2351 634 2395 P
660 2352 676 2406 ΙΙ
706 2355 730 2395 7
763 2334 893 2394 aeneff
903 2365 923 2394 s
940 2350 1005 2406 (i‘?
1024 2350 1221 2406 eras.)P
1242 2350 1258 2405 ΙΙ
1281 2354 1416 2393 7—11
1434 2350 1507 2392 ius
1524 2349 1572 2392 et
1586 2348 1806 2392 homerus

110 2436 165 2479 N
180 2440 259 2483 cet.
281 2447 363 2480 om.
387 2437 403 2491 ΙΙ
423 2439 450 2480 8
481 2434 712 2479 definiunt
731 2435 778 2479 P
798 2435 814 2490 ΙΙ
838 2439 889 2478 11
918 2435 1140 2478 humerus
1160 2433 1263 2478 ΡΝ
1269 2435 1280 2461 ¹
1305 2434 1320 2488 ΙΙ
1345 2437 1395 2476 12
1425 2414 1673 2488 regnsausu
1673 2413 1770 2477 N
1783 2433 1804 2489 ΙΙ

112 2525 165 2564 13
197 2533 273 2576 sps
293 2519 364 2574 N,
396 2517 560 2576 spiriac
588 2519 634 2563 P
655 2519 671 2575 ΙΙ
691 2519 847 2575 ingnit
874 2518 982 2570 PN,
1003 2519 1112 2572 fort.
1131 2517 1149 2561 i
1183 2518 1255 2561 nit
1275 2518 1291 2573 ΙΙ
1346 2499 1648 2572 lacorale
1632 2518 1648 2572 ΙΙ
1668 2515 1804 2574 lucis]

111 2575 219 2619 fixit
249 2575 303 2619 N
319 2576 335 2631 ΙΙ
359 2581 412 2620 15
443 2575 821 2631 explenationem
850 2575 896 2618 P
922 2575 938 2630 ΙΙ
967 2573 1118 2618 ITEM
1191 2574 1227 2618 E
1259 2574 1300 2618 U
1342 2572 1462 2617 Β.Βο
1493 2573 1548 2617 Ν
1571 2574 1587 2630 ΙΙ
1619 2578 1669 2616 17
1699 2573 1830 2617 ΜΕ.

112 2657 682 2704 MINI—SCOLARIBUS
717 2658 774 2702 N
794 2661 810 2714 ss
842 2664 893 2702 18
931 2657 1078 2702 studis
1115 2659 1161 2702 P
1189 2660 1196 2714 Ι
1235 2658 1409 2703 detitus
1439 2659 1485 2702 P
1513 2659 1529 2714 ΙΙ
1560 2663 1612 2702 19
1651 2645 1717 2701 d¹e
1748 2658 1806 2708 P,

113 2717 212 2760 die*
243 2716 336 2772 Nu
366 2716 780 2772 grammaticorum
808 2715 866 2759 N
888 2716 904 2771 ΙΙ
932 2715 1132 2771 triginta
1237 2716 1253 2771 ΙΙ
1276 2720 1328 2759 19
1358 2715 1564 2779 possilin
1592 2714 1733 2758 laude
1763 2715 1809 2758 P

111 2717 403 2873 k2ietutglqinugs
434 2771 730 2828 conponendi
759 2773 839 2816 eet
866 2772 923 2816 N
945 2772 961 2827 ΙΙ
991 2771 1099 2820 231.
1129 2784 1272 2860 quam
1303 2771 1436 2816 verbi
1466 2771 1646 2816 ratione
1678 2771 1807 2814 cuius

197 2907 267 2939 Vir
269 2906 552 2947 3116.ῐι1ᾶΗ116
1442 2903 1470 2942 4
