1980 3134
168 105 280 149 VIII
835 103 1194 149 PRAEFATIO.

169 261 258 308 DE
283 257 644 321 ADUERBIO,
675 259 749 307 De
779 258 1058 321 participiO,
1089 258 1178 306 DE
1214 256 1732 321 CONIUNCTIONE,
1765 260 1855 308 DE

170 331 717 396 PRAEPOSITIONE,
757 332 843 379 DE
882 331 1429 381 INTERIEOTIONE.
1755 326 1757 328 ’

317 407 394 454 Ex
434 406 799 469 subscriptione
838 406 1023 454 iterata
1062 406 1232 469 colligi
1277 406 1398 454 licet
1445 406 1739 468 scriptorem
1775 409 1856 456 vel

170 481 351 530 codicis
382 480 707 542 Neapolitani
737 481 819 528 vel
858 480 1156 542 exemplaris
1196 495 1256 527 ex
1295 495 1393 543 quo
1426 479 1592 542 fluxit,
1634 481 1856 543 capitum

170 555 392 604 ordinem
411 555 684 603 inmutasse
708 554 796 615 ita,
826 556 885 601 ut
900 569 1054 601 unam
1076 555 1274 615 partem
1298 555 1408 602 octo
1427 553 1665 602 orationis
1683 556 1856 616 partes

171 629 507 677 continentem
545 629 607 675 ab
648 628 810 676 altera
848 627 912 676 ad
951 628 1210 691 generales
1247 642 1327 675 res
1359 627 1714 689 grammaticas
1745 644 1854 691 per-

170 703 359 750 tinente
386 705 675 751 secerneret.
738 701 812 749 De
842 702 936 749 hac
967 717 1036 766 re,
1075 717 1174 763 qua
1197 701 1432 748 librarius
1455 702 1611 750 verba
1635 702 1854 750 auctoris

170 776 400 824 omittere
446 777 527 824 vel
576 777 773 823 mutare
830 790 1187 837 nonnunquam
1246 777 1447 823 coactus
1500 777 1596 839 est,
1650 775 1754 822 iam
1802 775 1856 823 in

173 849 588 898 commentatione
626 851 904 897 memorata
940 866 990 911 p.
1032 850 1098 897 28
1142 846 1190 898 S.
1208 848 1372 897 fusius
1410 849 1639 897 tractavi.

317 923 543 985 Scriptus
591 925 668 971 est
712 923 866 971 codex
910 922 1140 970 manibus
1187 922 1338 970 variis
1386 924 1535 984 atque
1579 922 1856 985 scripturae

169 996 428 1045 Casinensi
474 1013 624 1060 quam
670 996 843 1044 dicunt
888 1012 988 1044 non
1027 996 1246 1044 absimili
1282 996 1451 1058 modo,
1496 997 1556 1044 ut
1594 997 1855 1059 Meynckio

169 1071 368 1134 quidem
390 1070 552 1119 visum
577 1072 667 1120 est.
720 1070 781 1118 In
806 1085 865 1118 ea
887 1072 1045 1133 parte,
1071 1085 1197 1133 quae
1215 1069 1420 1133 Virgilii
1445 1085 1596 1133 opera
1620 1071 1854 1132 continet,

165 1146 316 1193 notae
332 1144 635 1208 marginales
653 1144 847 1192 duabus
863 1144 1095 1192 manibus
1120 1143 1374 1192 confectae
1400 1145 1612 1206 exstant,
1638 1147 1854 1209 quarum

169 1219 438 1281 specimina
494 1219 741 1281 quaedam
796 1213 876 1265 in=
905 1217 1224 1266 adnotatione
1276 1218 1627 1279 deprehendes.
1721 1217 1855 1276 Quas

167 1294 479 1345 correcturas
522 1292 605 1340 hic
650 1292 781 1339 liber
828 1292 893 1340 sit
937 1307 1137 1355 passuS,
1185 1307 1245 1339 ex
1289 1291 1422 1339 notis
1467 1291 1684 1355 patebit3
1739 1307 1854 1340 cum

167 1368 337 1415 autem
377 1366 496 1427 quid
533 1366 742 1414 librario
783 1366 1026 1414 debeatur
1065 1365 1186 1427 quid
1225 1365 1493 1414 correctori
1530 1381 1630 1413 non
1667 1366 1855 1427 ubique

164 1440 389 1502 potuerit
428 1440 661 1500 discerni,
702 1439 825 1488 satis
863 1440 1018 1488 habui
1048 1439 1343 1502 plerumque
1376 1441 1687 1487 correcturas
1721 1440 1852 1488 solas

165 1514 399 1562 indicare.
476 1514 643 1575 Atque
683 1513 894 1561 correcti
934 1516 1050 1561 sunt
1095 1529 1195 1561 non
1242 1513 1405 1561 solum
1452 1513 1614 1575 aperti
1662 1529 1853 1562 errores

165 1587 361 1635 librarii
408 1604 468 1636 ex
507 1587 780 1649 exemplari
825 1603 925 1634 non
973 1587 1191 1648 diverso,
1241 1588 1327 1635 sed
1369 1587 1522 1635 etiam
1563 1588 1855 1635 emendatae

163 1662 430 1710 verborum
467 1661 657 1709 formae
697 1661 939 1709 sermonis
969 1660 1195 1723 vulgaris
1233 1661 1479 1723 propriae,
1520 1676 1647 1724 quae
1684 1663 1855 1709 tamen

164 1735 217 1782 in
258 1736 353 1783 1100
402 1735 529 1783 libro
580 1737 723 1783 tanto
773 1735 987 1783 rariores
1039 1736 1156 1783 sunt
1206 1737 1392 1796 quanto
1441 1735 1642 1796 longius
1699 1735 1854 1783 distat

165 1812 389 1870 tempore
422 1809 485 1856 ab
519 1809 805 1870 archetypo,
838 1808 901 1856 ad
933 1809 1066 1871 quod
1095 1808 1224 1856 liber
1254 1808 1341 1855 ille
1365 1807 1623 1856 Parisinus
1645 1809 1853 1874 propius

167 1882 372 1931 accedit.
450 1882 620 1930 Etiam
666 1882 862 1944 glossas
909 1884 1159 1930 corrector
1203 1882 1456 1929 nonnullis
1502 1881 1624 1930 10015
1671 1881 1854 1931 adiecit

165 1958 225 2003 ut
261 1973 309 2017 p.
345 1957 439 2018 42,
474 1958 503 2004 9
545 1957 750 2004 divitia:
775 1968 926 2005 causa
968 1958 1094 2018 114,
1138 1957 1165 2003 1
1215 1957 1320 2015 fom'
1344 1973 1355 2002 ε
1379 1957 1483 2004 voci
1518 1953 1643 2016 114,
1679 1958 1708 2004 6
1734 1971 1851 2020 pro-

167 2031 333 2078 clivem
358 2048 368 2076 :
391 2030 698 2090 productum.
790 2029 953 2076 Multa
1004 2029 1057 2076 in
1110 2029 1443 2091 Neapolitano
1499 2032 1616 2077 sunt
1671 2030 1853 2078 omissa

167 2103 393 2166 inprimis
450 2103 541 2152 sub
585 2103 736 2151 finem
785 2103 1119 2165 epitomarum
1165 2102 1238 2150 ita
1288 2105 1348 2150 ut
1391 2102 1655 2151 librarium
1701 2103 1852 2166 longo

165 2193 314 2238 opere
359 2177 574 2225 fortasse
621 2177 873 2225 defessum
922 2177 1146 2225 laborem
1194 2177 1443 2225 mutilatis
1495 2179 1545 2225 et
1594 2177 1657 2224 ad
1705 2192 1851 2225 suum

165 2266 314 2299 usum
352 2250 567 2299 redactis
614 2251 863 2312 capitibus
911 2250 1008 2299 sibi
1054 2251 1275 2298 minuere
1313 2250 1531 2299 voluisse
1571 2250 1851 2300 conieceris.

165 2326 231 2372 At
254 2325 307 2371 in
332 2324 574 2386 epistolis,
604 2340 731 2386 quae
760 2323 1036 2386 principem
1066 2324 1231 2372 locum
1254 2326 1440 2387 tenent,
1471 2325 1631 2372 multo
1656 2324 1851 2373 minora

168 2397 350 2446 omissa
374 2413 480 2446 esse
504 2398 752 2460 videntur,
784 2398 916 2460 quod
945 2412 1058 2445 cum
1088 2398 1141 2445 in
1170 2398 1264 2446 hoc
1293 2398 1423 2446 libro
1447 2414 1548 2445 uno
1574 2402 1850 2459 serventur,

164 2474 312 2533 grata
350 2472 575 2521 Minerva
611 2472 802 2520 factum
841 2487 946 2520 esse
986 2474 1208 2534 apparet.

313 2545 394 2592 Ad
447 2545 635 2593 librum
683 2546 1075 2608 Neapolitanum
1124 2545 1325 2607 primus,
1367 2548 1418 2594 et
1468 2546 1603 2594 solus
1645 2544 1851 2607 Virgilii

166 2618 403 2680 epistolas
442 2619 682 2681 integras,
722 2619 966 2680 epitomas
1006 2621 1174 2667 autem
1213 2620 1498 2667 decurtatas
1531 2618 1687 2666 edidit
1717 2619 1847 2680 Ang.

164 2692 341 2754 Maius,
380 2693 432 2739 in
469 2695 604 2741 tomo
636 2693 695 2740 V.
737 2692 1057 2741 classicorum
1096 2695 1356 2741 auctorum
1386 2710 1434 2754 p.
1470 2694 1699 2740 1—149.
1757 2693 1849 2739 Vir

164 2765 479 2814 doctissimus
494 2782 607 2813 cum
618 2767 747 2815 libro
765 2766 1098 2827 Neapolitano
1112 2766 1272 2814 denuo
1288 2766 1566 2814 examinato
1581 2765 1848 2814 editionem

167 2839 380 2887 alteram
412 2855 618 2902 eamque
658 2841 957 2903 castigatam
995 2842 1127 2888 esset
1164 2843 1444 2902 paraturus,
1481 2841 1642 2889 morte
1674 2841 1848 2902 abrep-
