1980 3134
619 84 697 129 IX.
744 83 825 128 DE
855 84 1219 130 PARTICIPIO.
1703 90 1766 141 71

71 214 198 277 siui,
237 212 493 281 temporis
530 211 728 279 futuri3
768 214 822 262 et
857 212 933 263 ita
969 229 1066 280 per
1092 211 1333 264 ordinem
1357 214 1532 265 totum
1559 230 1766 265 cassum

71 301 293 336 numero
343 281 603 351 singulari
658 282 716 334 in
769 280 911 334 hanc
966 283 1195 335 formam
1248 300 1463 335 uersum
1519 301 1631 335 esse
1682 283 1766 335 de—

73 354 294 420 finiunt,
333 353 472 422 quod
507 352 794 404 inussitata
827 352 1097 405 latinitate
1143 353 1427 405 diriuatum
1464 357 1560 406 est.
1628 354 1768 405 unde

0 424 1 427 ’
75 427 129 476 et
166 424 380 492 quidam
418 422 751 475 nominatiuo
789 439 941 474 cassu
977 422 1135 476 huius
1165 423 1435 492 participii
1460 425 1518 475 in
1544 423 1769 475 eandem

72 494 301 547 formam
336 493 447 546 ussi
485 495 625 544 sunt.
688 495 901 561 praeter
937 493 1077 546 hanc
1115 494 1257 546 enim
1295 492 1605 563 'opinionem
1632 492 1770 546 nihil

74 564 309 616 seniores
345 563 516 616 nostri
556 562 619 615 de
658 562 742 614 his
777 563 956 615 uerbis
981 564 1320 616 sentiendum
1345 567 1617 632 putarunt.
1681 581 1768 633 ge-

72 633 224 687 rendi
261 636 436 686 autem
461 633 626 685 uerba
651 633 926 697 dicuntur,
966 634 1090 702 quia
1115 652 1248 702 opus
1274 635 1413 702 quod
1438 637 1633 687 natura
1657 652 1770 687 non

74 708 187 756 erat
225 722 402 772 suum,
450 704 504 755 ui
543 703 723 771 aliqua
760 706 971 772 gerunt.
1036 704 1105 756 ob
1151 705 1253 757 hoc
1300 708 1354 757 et
1392 706 1566 758 actiuo
1605 705 1769 757 uerbo

71 775 278 828 herent.
348 773 517 843 typici
564 778 740 825 autem
797 774 963 825 uerba
1017 774 1137 827 ideo
1196 775 1471 841 dicuntur,
1531 776 1657 844 quia
1706 793 1770 827 ex

71 845 343 914 praedicto
379 844 663 913 participio
709 844 950 912 typicata
987 849 1126 900 sunt.
1191 846 1403 913 quando
1443 862 1569 914 ergo
1607 845 1765 915 gerit,

71 920 196 968 tunc
248 917 461 967 tantum
511 913 734 983 gerendi
778 932 978 966 nomen
1034 916 1256 984 accipit,
1311 915 1543 984 typicale
1593 919 1770 968 autem

71 1004 291 1053 nomen,
333 986 445 1037 siue
484 986 529 1036 si
562 988 716 1054 gerat
754 985 867 1036 siue
894 986 1058 1036 etiam
1084 1004 1194 1037 non
1219 991 1397 1055 gerat,
1438 986 1771 1038 inmobiliter

71 1057 291 1112 tenebit.
354 1055 472 1124 ipsa
519 1059 697 1107 autem
744 1055 1051 1123 participia,
1100 1057 1543 1124 quandocumque
1591 1056 1770 1108 uerbis

70 1127 273 1179 fuerint
310 1126 598 1194 applicata,
636 1129 907 1194 tamquam
942 1127 1107 1179 uerba
1145 1127 1426 1180 sonabunt.
1487 1145 1589 1178 nec
1614 1130 1770 1195 gestu

73 1198 478 1265 separabuntur,
517 1196 607 1248 sed
635 1196 710 1248 sic
739 1199 894 1265 gestu
920 1199 1138 1248 utentur
1163 1198 1489 1265 conpositiue
1515 1201 1576 1249 ut
1601 1198 1771 1265 leyens

70 1285 218 1321 eram
272 1284 370 1336 pro
420 1267 646 1334 leyebam
694 1267 782 1318 uel
837 1267 937 1334 leyi
984 1270 1038 1319 et
1087 1268 1254 1335 leyens
1301 1285 1382 1320 ero
1433 1285 1530 1336 pro
1582 1268 1766 1335 leyam.

70 1338 226 1390 multi
274 1340 513 1390 ueterum
560 1337 664 1389 duo
701 1337 882 1389 futura
919 1337 1318 1407 coniungebant
1355 1338 1442 1390 uel
1481 1338 1582 1389 duo
1618 1355 1770 1406 prae·

71 1410 231 1461 terita
275 1412 336 1460 ut
372 1408 669 1461 saluandus
705 1425 789 1460 ero
828 1409 940 1460 siue
976 1409 1219 1462 saluatus
1250 1409 1363 1475 fui,
1413 1408 1552 1477 quod
1590 1409 1647 1460 in
1686 1409 1771 1460 de-

71 1479 363 1532 clinatione
408 1478 558 1530 uerbi
605 1478 803 1531 licebit.
887 1480 1121 1530 ceterum
1178 1479 1254 1531 sic
1302 1479 1609 1531 dicendum:
1666 1479 1771 1532 sal-

1794 870 1834 901 10

1795 1221 1836 1253 15

70 1555 223 1604 vatus
276 1566 394 1602 sum
450 1548 564 1600 siue
618 1549 914 1602 saluandus
962 1565 1095 1602 sum.
1177 1566 1294 1602 sum
1350 1549 1492 1601 enim
1547 1548 1771 1601 uerbum
1793 1575 1836 1607 20

70 1620 295 1687 mobile,
335 1618 474 1688 quod
510 1619 794 1686 participia
833 1636 1010 1671 secum
1044 1619 1226 1671 ferunt
1249 1622 1412 1688 prout
1436 1619 1529 1671 illa
1554 1620 1769 1687 fuerint,

72 1691 147 1744 sic
195 1707 246 1744 es
292 1694 365 1743 est
411 1705 594 1742 sumus
639 1691 761 1742 estis
794 1693 932 1742 sunt.
998 1689 1056 1741 in
1092 1689 1309 1758 reliquis
1347 1692 1527 1742 autem
1564 1693 1772 1758 tempo-

186 1891 253 1931 15,
286 1887 344 1939 cf.
368 1887 480 1930 Eoee.
503 1884 657 1929 Nam.
673 1897 724 1940 p.
745 1888 822 1929 19:
852 1884 940 1929 Hic
970 1884 1150 1941 aliquid
1178 1887 1383 1933 notatur,
1434 1886 1546 1929 Sum
1576 1885 1771 1928 verbum

70 1943 331 2000 praesentis
378 1941 603 1996 temporis
640 1941 950 1998 praeteritum
987 1941 1217 1996 indicare,
1265 1942 1391 1997 quod.
1430 1941 1657 1998 Virgilius
1694 1941 1772 1984 ab·

71 2000 213 2043 solvit
257 1999 438 2042 dicens:
483 1997 593 2054 Ipsa
636 1998 806 2054 partici
843 1998 888 2041 ia
925 2011 989 2054 sq.
1025 2031 1034 2041 .
1069 2031 1079 2041 .
1112 2035 1122 2045 .
1166 2000 1399 2042 sonabunt
1442 2011 1529 2041 nec
1575 1998 1680 2041 estu
1718 2023 1767 2029 -

71 2057 283 2100 estentur
313 2054 618 2109 compositiva
644 2055 699 2097 ut
727 2078 783 2086 —-
831 2054 1030 2110 egebam
1057 2053 1270 2111 legique,
1300 2055 1463 2111 legens
1489 2067 1566 2097 ero
1595 2067 1680 2109 pro
1716 2078 1772 2084 —-

71 2111 165 2155 duo
202 2112 364 2154 futura
401 2110 478 2154 vel
517 2110 609 2154 duo
682 2110 905 2154 raeterita
944 2110 1290 2165 coniungebant
1324 2116 1380 2154 ut
1409 2109 1660 2155 salvandus
1692 2122 1770 2153 ero

71 2169 170 2211 sive
203 2167 410 2212 salvatus
439 2166 508 2209 fui
539 2178 631 2221 quo
694 2167 744 2209 in
776 2166 1090 2211 declinatione
1123 2167 1256 2210 verbi
1284 2167 1460 2211 licebit.

190 2342 209 2378 1
250 2317 407 2378 cassum
438 2336 484 2379 P
505 2335 521 2390 ΙΙ
544 2340 569 2379 3
599 2334 820 2377 difiniunt
847 2335 913 2378 Ρ2
941 2335 957 2390 ΙΙ
980 2339 1090 2379 3-—6
1120 2335 1244 2378 unde
1259 2336 1533 2390 —putarunt
1562 2346 1645 2378 om.
1675 2333 1767 2389 ΝΗ

72 2396 100 2433 4
131 2404 240 2434 casu
270 2390 373 2434 ΡΝ
388 2392 404 2446 ΙΙ
427 2396 450 2434 7
482 2390 609 2446 quia]
642 2403 762 2446 quae
784 2390 840 2433 N
855 2392 871 2446 ΙΙ
892 2404 986 2434 non
1018 2404 1073 2434 ex
1093 2405 1217 2434 nunc
1238 2391 1293 2434 N
1308 2392 1324 2447 ΙΙ
1346 2396 1371 2435 8
1391 2391 1468 2447 uj*
1499 2389 1534 2446 (j
1561 2403 1619 2434 ex
1638 2391 1770 2444 corr.)

73 2447 145 2503 N,
186 2461 249 2490 vu
286 2447 332 2490 P
369 2447 384 2502 ΙΙ
421 2446 480 2490 ob
517 2446 627 2502 hoc]
667 2447 754 2489 hec
794 2447 840 2502 (e
869 2447 1002 2501 corr.)
1032 2446 1088 2490 N
1112 2448 1128 2502 ΙΙ
1157 2447 1229 2490 9f.
1258 2445 1637 2503 tipici—tipicati
1672 2447 1728 2491 N
1743 2447 1766 2504 Η

78 2509 130 2547 10
162 2501 295 2559 ergo]
327 2504 484 2546 autem
513 2502 569 2545 N
584 2503 600 2557 ΙΙ
626 2507 675 2545 12
698 2501 852 2559 sive}
871 2502 927 2545 N
942 2503 958 2558 ΙΙ
984 2507 1034 2545 14
1054 2503 1196 2546 fuerit
1214 2504 1281 2556 P,
1313 2502 1488 2559 sQrint
1507 2502 1563 2546 N
1579 2503 1594 2558 ΙΙ
1616 2505 1771 2559 gestu]

75 2559 265 2612 Hartel,
297 2560 399 2602 estu
419 2559 486 2612 P,
518 2559 625 2612 fort.
648 2558 741 2601 situ
761 2558 830 2601 vel
851 2560 977 2602 statu
998 2559 1014 2614 ΙΙ
1038 2564 1090 2601 14
1106 2559 1139 2605 f.
1169 2559 1553 2602 nec-aestentur
1573 2571 1656 2603 om.
1676 2560 1733 2604 N
1746 2560 1768 2617 Η

75 2618 183 2658 sunt
214 2614 499 2670 conpositiut
529 2617 677 2669 (corr.)
708 2614 764 2658 N
780 2615 796 2670 11
819 2619 871 2658 15
902 2617 1038 2671 gestu
1066 2615 1277 2673 utentur]
1309 2615 1499 2668 Hartel,
1532 2616 1774 2660 aestentur

74 2673 143 2728 P,
175 2671 283 2725 fort.
313 2672 534 2715 sistentur
563 2673 578 2726 ΙΙ
611 2675 662 2715 15
678 2670 709 2713 f.
739 2670 970 2737 lenseram
1001 2674 1116 2730 pero
1147 2671 1193 2714 P
1222 2673 1238 2728 ΙΙ
1270 2676 1320 2715 16
1352 2685 1433 2715 eor
1460 2673 1506 2716 P
1528 2672 1543 2727 ΙΙ
1570 2677 1619 2717 19
1650 2673 1772 2716 cete-

75 2784 180 2812 rum
209 2770 277 2823 P,
308 2769 434 2825 quod
453 2770 509 2814 N
525 2771 540 2826 ΙΙ
563 2773 613 2812 21
645 2742 821 2813 mobile
854 2772 896 2827 (e
919 2783 974 2815 ex
993 2770 1027 2825 i)
1058 2770 1114 2815 N
1129 2771 1144 2826 ΙΙ
1166 2769 1324 2814 ferunt
1345 2772 1425 2826 (un
1447 2783 1503 2816 ex
1521 2771 1655 2826 corr.)
1679 2771 1769 2827 ΝΗ

75 2826 127 2869 et
154 2826 297 2882 prout
324 2826 380 2870 N
396 2828 412 2883 ΙΙ
432 2826 515 2870 illa
547 2827 592 2883 (a
621 2829 755 2881 corr.)
786 2825 849 2871 N.
