1980 3134
196 94 296 147 156
570 93 828 138 VIRGILII
858 70 1135 137 MARONIS
1165 92 1512 139 EPISTOLAE.

697 247 791 301 IV.
849 246 948 299 DE
986 246 1383 301 ADUERBIO.

335 360 522 414 Omnis
569 361 696 412 urbs
747 359 957 411 munita
1005 362 1059 411 et
1107 359 1282 412 cincta
1319 360 1464 412 ciues
1499 360 1739 413 hostibus
1777 378 1887 413 non

193 430 389 483 tradat:
445 432 522 482 ita
575 430 829 483 historica
883 430 1146 498 expositio
1204 430 1251 482 si.
1294 434 1437 483 recte
1485 447 1545 483 30
1590 431 1890 484 ratabunde

193 501 356 552 fuerit
402 501 699 569 perordita‚
748 499 946 552 nullius
983 499 1413 568 reprehensionis
1451 500 1630 553 locum
1666 501 1893 554 ulterius
1979 518 1980 521 ’

194 570 426 623 habebit.
486 570 628 623 unde
666 589 763 622 nos
803 570 1044 622 doctores
1069 573 1290 622 monent
1314 574 1375 623 ut
1400 589 1585 623 01111133
1610 573 1749 623 artes
1775 589 1887 624 non

152 663 172 694 5
196 641 365 693 solum
412 640 758 709 principales,
805 659 991 692 uerum
1038 640 1197 692 etiam
1243 640 1536 694 mediocres
1575 643 1735 710 atque
1773 641 1893 693 offi-

196 711 356 763 ciales
394 713 539 763 recte
574 711 631 763 in
668 711 836 779 presis
875 713 1195 763 statuantur.
1253 714 1471 780 propter
1508 711 1649 780 quod
1687 715 1740 764 et
1765 729 1886 780 eg0,

196 783 318 850 quia
355 781 455 833 tibi
493 781 556 833 de
593 781 812 833 nomine
850 799 910 833 30
946 782 1262 849 pronomine
1299 783 1565 850 uerboque
1599 782 1895 834 breuiarias

196 853 556 920 expositiones
593 869 688 920 per
726 851 979 920 epistolas
1016 852 1403 917 intimauerim,
1443 852 1721 904 inferiores
1761 869 1887 921 quo-

195 939 296 990 que
346 925 526 990 partes
571 922 905 974 breuioribus
955 921 1169 990 quidem
1224 922 1315 974 sed
1371 922 1602 990 propriis
1653 921 1893 990 epistolis

132 1021 172 1053 10
196 992 517 1060 ecplanabO,
567 992 880 1060 praesertim
927 1010 1046 1044 011111
1094 992 1338 1060 epitomis
1385 992 1449 1043 de
1496 991 1606 1044 IHI
1651 993 1895 1060 partibus

194 1080 359 1114 unum
414 1062 518 1115 feci
569 1062 909 1131 opusculum,
974 1080 1110 1130 quae
1162 1062 1403 1114 residuae
1453 1064 1579 1114 sunt
1639 1062 1898 1115 aduerbio

195 1133 400 1186 scilicet
435 1133 722 1201 participio
761 1132 1141 1185 coniunctione
1179 1137 1232 1184 et
1267 1132 1676 1200 praepositione.
1730 1132 1814 1185 his
1847 1133 1894 1184 si

194 1204 440 1272 proprias
477 1203 710 1255 habeant
747 1203 999 1270 epistolas
1011 1242 1025 1268 ,
1073 1202 1237 1271 paulo
1276 1204 1437 1255 latius
1474 1202 1674 1271 aliquid
1711 1202 1893 1272 legen·
1941 1224 1944 1226 ’

193 1274 339 1326 tibus
378 1273 682 1326 conferatur
718 1273 784 1325 ad
821 1290 1049 1328 sensum.

133 1372 173 1403 15
337 1343 665 1395 Aduerbium
729 1361 857 1412 ergo
920 1345 1109 1411 quarta
1169 1342 1427 1395 orationis
1485 1342 1747 1411 particula
1795 1346 1898 1408 est,

197 1431 330 1482 quae
368 1414 494 1482 quia
530 1414 695 1466 uerbo
728 1414 973 1479 adheret,
1013 1413 1322 1465 aduerbium
1347 1416 1716 1482 nuncupatur,
1754 1413 1895 1465 sicut

195 1501 492 1552 pronomen
540 1502 604 1536 ex
651 1484 887 1536 nominis
933 1484 1304 1542 communione
1351 1487 1591 1536 uocatur.
1655 1483 1745 1535 sed
1784 1483 1893 1536 11110

198 1555 434 1622 quaestio
481 1553 733 1607 adcurrit.
805 1553 944 1606 forte
997 1551 1157 1606 enim‘
1189 1553 1379 1622 aliquis
1429 1554 1696 1622 inquirat,
1752 1553 1895 1621 quod

197 1642 306 1676 non
345 1624 532 1677 dubito
560 1628 902 1691 euenturum,
942 1624 988 1676 si
1013 1627 1294 1693 propterea
1318 1623 1630 1676 aduerbium
1654 1627 1893 1688 uocatur,

133 1723 174 1754 20
198 1695 321 1763 quia
357 1695 520 1747 uerbo
558 1713 766 1763 semper
802 1695 1135 1763 adiungitur,
1175 1712 1278 1762 quo
1317 1694 1535 1746 nomine
1561 1695 1894 1761 uocabuntur

197 1764 449 1818 aduerbia
486 1765 816 1834 conparandi
852 1765 940 1817 uel
977 1765 1249 1833 qualitatis
1287 1768 1341 1817 et
1377 1764 1718 1833 quantitatiS,
1758 1781 1893 1832 quae

197 1853 603 1904 nonnumquam
639 1853 750 1888 non
787 1835 952 1888 uerbo
989 1840 1203 1888 tantum
1242 1836 1332 1887 sed
1370 1835 1488 1887 aliis
1525 1835 1767 1903 partibus
1805 1834 1894 1886 ad-

198 1906 537 1975 iunguntur?
603 1905 826 1959 dicimus
882 1905 1025 1958 enim
1079 1923 1279 1975 mayna
1331 1906 1486 1959 ualde
1529 1906 1676 1958 uenit
1718 1905 1894 1960 turba.

317 2106 368 2145 15
405 2100 624 2156 Excerpt.
656 2099 796 2144 Rern.
830 2113 879 2155 12·
913 2103 1018 2153 199,
1065 2103 1124 2144 16
1161 2103 1202 2144 et
1237 2100 1373 2144 Leid.
1408 2100 1444 2154 f.
1479 2103 1556 2145 79:
1602 2099 1892 2143 Adverbium

200 2160 270 2200 est
309 2157 478 2213 quarta
510 2181 561 2187 —
591 2157 911 2212 nuncupatur;
950 2156 1032 2200 sed
1069 2155 1145 2200 hic
1175 2156 1387 2211 quaestio
1419 2156 1648 2210 adcurrit,
1688 2169 1779 2211 quo
1810 2169 1891 2199 no-

197 2212 324 2256 mine
355 2212 646 2256 vocabuntur
676 2212 900 2256 adverbia
928 2212 1274 2268 conparationis
1294 2211 1373 2256 vel
1394 2212 1634 2266 qualitatis
1655 2213 1729 2256 vel
1750 2225 1893 2267 quan—

197 2268 372 2322 titatis,
412 2282 533 2324 quae
572 2281 665 2312 non
702 2268 846 2313 verbo
882 2269 1070 2312 tantum
1107 2267 1191 2312 sed
1221 2293 1271 2300 —
1311 2268 1474 2323 turba,
1514 2267 1711 2311 dicimus
1749 2268 1892 2311 etiam

197 2326 297 2368 tam
336 2325 472 2369 docte
502 2326 601 2368 tam
632 2349 683 2355 --
718 2326 765 2368 et
801 2324 851 2367 hi
881 2348 936 2356 —-
965 2326 1123 2381 partes
1159 2326 1409 2368 numerant
1445 2337 1588 2367 unam
1627 2326 1788 2380 (unum
1828 2324 1890 2379 L)

198 2382 420 2425 vocantes
450 2381 602 2437 prisco
633 2381 822 2424 nomine
854 2381 1155 2434 adverbium,
1188 2381 1314 2436 quod
1347 2382 1412 2435 (q;
1435 2380 1495 2436 L)
1517 2380 1713 2424 adheret
1733 2380 1892 2434 verbo,

199 2436 396 2481 alteram
435 2436 778 2494 expressorium
818 2438 884 2491 (et
911 2437 1194 2493 pressorium
1226 2436 1288 2491 L)
1319 2437 1566 2480 nominant
1596 2435 1771 2480 etenim
1802 2449 1895 2490 que

197 2493 461 2537 nominibus
490 2493 568 2537 vel
595 2518 652 2524 —
682 2492 960 2550 significant.

314 2660 541 2704 INCIPIT
582 2660 830 2714 QUARTA
869 2660 950 2703 DE
988 2659 1301 2705 ADVERBIO
1332 2661 1389 2705 N
1411 2662 1426 2717 ΙΙ
1456 2666 1480 2704 2
1518 2660 1712 2704 historia
1743 2659 1799 2703 N
1821 2661 1837 2715 ΙΙ
1867 2664 1893 2703 6

199 2716 344 2771 presis
374 2716 443 2770 N,
474 2718 740 2774 praeceptis
769 2717 876 2761 Mai
897 2718 913 2772 ΙΙ
936 2722 960 2760 9
991 2716 1172 2773 prospis
1201 2717 1272 2772 N,
1304 2717 1561 2773 perspicuis
1581 2716 1689 2759 Mai
1707 2717 1760 2760 in
1782 2716 1891 2760 edit.

199 2772 384 2881 {zlgetffi'n
405 2777 462 2872 ἐξ)
491 2773 746 2873 ἱξΞΙεΙιᾶἓὲο
776 2774 832 2818 N
859 2775 875 2829 ΙΙ
898 2773 1025 2830 011111]
1057 2773 1106 2815 111
1137 2773 1246 2818 add.
1276 2773 1384 2818 Mai
1411 2775 1425 2829 ΙΙ
1458 2772 1684 2829 ephitomi
1712 2772 1762 2817 N
1792 2773 1807 2827 ΙΙ
1838 2777 1891 2815 12
