1980 3134
145 98 214 151 74
527 94 782 141 VIRGILII
812 94 1087 140 MARONIS
1117 94 1444 140 EPITOMAE.

146 223 446 279 Lucanus
474 223 633 275 etiam
659 222 722 275 de
749 223 1098 275 inbecillitate
1125 222 1416 276 Tuscorum
1441 223 1676 275 scribens
1695 225 1835 277 enim

143 293 319 362 inquit
352 295 539 347 maltos
562 295 756 347 uiuant
779 310 972 360 annOS,
1009 310 1118 346 ‘non
1141 310 1194 346 se
1216 309 1470 357 umquam
1493 294 1836 346 vindicabant

143 364 244 416 hoc
257 366 353 416 est
375 365 424 416 si
446 365 655 417 uiuant.
709 365 961 429 quoniam
986 363 1031 415 si
1057 365 1159 416 duo
1186 365 1350 416 uerba
1377 363 1516 415 circa
1546 381 1600 415 se
1622 363 1833 427 habeat,

145 434 487 486 subiunctum
535 451 700 485 unum
751 433 918 502 priori
964 433 1127 486 faciet
1174 437 1227 486 et
1280 451 1506 502 sequens
1559 434 1837 486 antecedet

98 522 123 555 5
146 503 444 572 Sulpicio
470 504 735 556 scribente
764 505 1036 572 iurabant,
1073 505 1324 571 quoniam
1362 504 1712 569 debellabaw&
1747 503 1836 556 hic

146 577 226 627 est
268 574 397 627 ordo
442 575 554 627 ideo
597 574 943 643 debellabant,
990 576 1242 641 quoniam
1287 574 1558 628 iurabant.
1629 575 1837 640 quidem

145 645 275 696 duas
315 644 629 696 efficientias
667 643 855 712 habet,
903 647 995 696 aut
1039 646 1181 696 enim
1227 644 1487 697 anteactis
1534 645 1711 696 uerbis
1749 644 1837 696 uel

145 715 387 782 personis
442 716 664 783 paratur
712 717 804 766 aut
848 716 1104 783 proponit
1150 715 1468 768 sententiam
1513 715 1600 766 uel
1651 714 1836 767 confir-

146 785 343 837 matiuo
390 785 475 836 uel
523 784 834 838 distructiuo
874 785 1031 838 modo
1069 788 1123 837 et
1158 786 1511 854 respondetur
1550 786 1597 837 ei
1634 784 1721 837 uel
1758 802 1838 836 re-

82 874 123 905 ιο
147 855 379 907 uincitur
426 872 458 906 a
501 854 700 907 talibus
747 856 1214 908 coniunctionibus
1261 855 1364 909 hoc
1411 857 1492 907 est
1537 856 1627 908 sed
1662 859 1839 910 tamen

145 930 319 979 autem
363 942 549 978 aeram
595 942 735 980 uero,
798 927 888 979 secl
935 927 978 978 si
1015 926 1074 978 in
1109 926 1283 978 medio
1322 925 1615 978 testimonii
1656 925 1834 992 fuerit,

143 996 372 1048 maxime
410 995 551 1064 quod
587 995 750 1048 habet
787 996 947 1048 aliam
981 997 1413 1050 coniunctionem
1437 995 1494 1047 in
1521 1013 1703 1063 sensu,
1741 1012 1837 1064 pro

143 1069 318 1119 tamen
365 1067 671 1134 accipietur.
734 1069 814 1118 est
851 1067 1013 1119 etiam
1048 1069 1139 1120 sed
1182 1066 1557 1133 additamenti,
1608 1066 1693 1119 cui
1730 1083 1838 1119 non

141 1137 333 1201 solam,
384 1154 493 1189 now,
540 1140 774 1206 tantam,
820 1154 929 1190 non
976 1139 1125 1191 modo
1163 1137 1250 1190 uel
1287 1140 1685 1208 anteponentur
1732 1136 1835 1201 uel,

80 1226 122 1258 15
144 1206 353 1259 etiamsi
409 1225 521 1259 non
578 1207 755 1275 litera,
824 1210 966 1260 certe
1022 1226 1182 1260 sensu
1242 1210 1643 1276 praestruentur
1702 1207 1838 1259 sicut

143 1275 396 1329 Istrius
444 1277 542 1330 ait:
598 1279 768 1330 omnis
815 1278 965 1331 homo
1005 1283 1169 1346 prout
1203 1279 1370 1343 ualet,
1416 1279 1554 1330 uitat
1585 1277 1836 1344 pericula,

141 1348 232 1407 sed
267 1351 314 1401 et
347 1364 475 1402 suae
510 1349 653 1401 uitae
686 1349 896 1414 qaaerit
928 1350 1211 1402 commoda.
1265 1348 1353 1401 hic
1378 1348 1523 1400 enim
1549 1350 1630 1400 est
1654 1365 1837 1400 sensus

141 1434 248 1470 non
283 1419 446 1471 solum
482 1419 579 1472 illa
617 1420 754 1472 uitat
766 1459 780 1485 ,
818 1420 909 1472 sed
942 1421 1101 1473 etiam
1136 1421 1242 1473 ista
1274 1420 1495 1486 quaerit.

638 1587 774 1658 (11.)
811 1586 892 1639 De
929 1584 1336 1656 praepositione.

283 1697 365 1750 De
403 1699 800 1767 praepositione
837 1718 1012 1768 pauca
1037 1700 1260 1753 dicenda
1285 1701 1428 1752 sunt.
1482 1717 1666 1752 omnes
1693 1700 1836 1751 enim

75 1795 120 1826 20
142 1769 588 1837 praepositiones,‚
627 1787 760 1838 quae
798 1771 1100 1823 accusatiuo
1135 1771 1305 1823 cassui
1331 1770 1594 1838 seruiunt,
1632 1770 1689 1821 in
1715 1769 1835 1822 aliis

142 1838 424 1891 latinitatis
461 1841 751 1908 generibus
789 1859 885 1909 pro
923 1842 1156 1893 inuicem
1192 1841 1504 1909 plerumque
1544 1842 1834 1892 motantur.

141 1909 371 1977 legimus
410 1912 553 1961 enim
591 1928 693 1963 con
730 1911 1119 1964 Gratianum
1165 1927 1332 1964 naues
1367 1911 1515 1978 apud
1548 1928 1695 1963 mare
1736 1928 1835 1963 na-

139 1979 401 2047 aiyabant
430 1979 534 2032 hoc
567 1984 647 2032 est
661 1999 763 2048 per
787 1999 960 2047 mare,
1001 1986 1054 2034 et
1079 1981 1208 2033 alibi
1233 1982 1489 2035 demorati
1515 1982 1837 2048 aliquandiu

254 2167 292 2206 3.
325 2162 442 2207 Exc.
473 2163 617 2206 Rern.
638 2165 750 2218 201,
780 2166 810 2207 9
839 2168 882 2207 et
912 2163 1046 2207 Leia.
1068 2163 1103 2218 f.
1123 2167 1220 2208 81³.-
1265 2162 1497 2216 Quoniam
1528 2176 1634 2206 cum
1661 2187 1718 2194 —
1746 2162 1835 2206 hoc

138 2223 212 2262 est
242 2218 323 2274 (B)
358 2245 410 2251 —
441 2219 686 2263 bellabant
716 2243 770 2251 —
800 2219 1034 2266 iurabant.

257 2378 279 2416 1
319 2373 515 2416 uleanus
553 2373 599 2416 P
634 2375 650 2430 ΙΙ
686 2372 985 2417 inbicillitate
1023 2374 1070 2417 P
1098 2375 1113 2429 Η
1146 2375 1195 2418 et
1232 2373 1404 2418 iterum
1444 2373 1650 2417 scribens
1682 2372 1738 2415 N
1762 2373 1778 2427 ss
1809 2376 1833 2414 2

139 2428 299 2472 vivant
321 2432 388 2485 (v,²
405 2443 466 2493 9oe
486 2431 617 2485 corr.)
646 2430 702 2474 N
715 2430 924 2495 sequitur
955 2431 1003 2473 et
1032 2431 1101 2474 ait
1130 2429 1354 2474 Iurabant
1375 2431 1390 2487 ΙΙ
1411 2443 1676 2484 unusquam
1704 2429 1750 2472 P
1771 2430 1787 2483 ΙΙ
1808 2434 1835 2471 4

138 2485 308 2585 iffi}
332 2498 465 2598 {25¹2
479 2486 542 2584 f?
563 2486 1379 2599 ¹'a{fflrt0ffi12‘slffizzfflwffi
1398 2485 1711 2587 {xeafflnlei
1737 2484 1834 2596 (ἐξῆ

138 2601 165 2640 8
197 2597 488 2642 confirmatio
519 2556 571 2640 P}
585 2598 602 2654 ΙΙ
629 2604 676 2643 15
708 2599 756 2643 et
776 2557 896 2642 sicut
923 2598 980 2642 N
995 2599 1011 2654 ΙΙ
1036 2604 1087 2643 16
1118 2581 1296 2642 Estrius
1325 2599 1428 2643 ΡΝ
1450 2598 1556 2653 fort.
1586 2597 1787 2640 Histrius
1819 2599 1825 2652 Ι

141 2652 243 2696 vale
282 2653 328 2696 P
355 2654 370 2708 ΙΙ
403 2659 452 2697 17
499 2656 734 2709 quomoda
770 2655 827 2699 N
850 2656 866 2711 ΙΙ
896 2655 1021 2698 enim
1058 2667 1143 2702 om.
1184 2655 1239 2699 N
1263 2656 1279 2712 ΙΙ
1310 2660 1362 2700 18
1402 2654 1557 2711 sensu]
1599 2666 1702 2696 essu
1739 2653 1786 2704 P
1823 2653 1829 2709 Ι

138 2721 314 2764 FINIT·
346 2714 509 2767 INCIP
540 2724 618 2766 DE
648 2715 1008 2769 PPOSITIONE
1046 2724 1102 2768 N
1133 2726 1149 2781 ss
1181 2730 1231 2770 19
1270 2725 1497 2769 de—sunt
1532 2736 1616 2770 om.
1653 2723 1709 2766 N
1731 2723 1750 2779 Η
1778 2728 1832 2768 20

136 2779 370 2879 (ἇῖἶὲΐέἶέ
392 2780 601 2883 {aguiNN
616 2782 632 2836 ΙΙ
654 2786 705 2824 21
737 2782 982 2825 mutantur
1010 2781 1067 2825 N
1074 2783 1083 2809 ¹
1108 2782 1123 2837 ΙΙ
1146 2786 1199 2825 22
1231 2794 1319 2826 eon
1338 2782 1385 2825 P
1404 2782 1420 2837 ΙΙ
1443 2785 1495 2823 22
1512 2780 1542 2823 f.
1573 2779 1832 2836 legimus—
