1980 3134
624 825 1021 896 Corrigenda
1068 831 1129 880 et
1177 827 1478 882 addenda.

207 944 252 985 p.
287 932 356 982 14,
391 932 446 972 18
480 928 506 972 Ζ.
541 926 796 971 secundum
825 926 946 971 illud
976 927 1096 985 Lupi

221 1022 246 1043 „
286 992 357 1042 22,
391 992 417 1031 6
450 985 558 1030 adn.
592 987 619 1030 Ζ.
651 986 740 1029 hae
771 985 803 1030 f.
829 1000 914 1032 om.

220 1081 246 1102 ‚‚
287 1050 358 1101 44,
395 1051 447 1091 17
488 1046 595 1090 add.
635 1046 688 1089 in
724 1049 819 1090 test.
897 1045 1018 1090 Eoec.
1051 1045 1190 1091 Rern.
1231 1051 1342 1101 198,
1373 1050 1434 1091 30
1472 1051 1513 1091 et
1544 1046 1675 1092 Laid.
1706 1048 1740 1103 f.
1775 1051 1892 1093 7602:
1956 1051 1960 1058 ”

487 1103 726 1148 Adverbia
760 1130 814 1135 —
847 1105 965 1161 ipso.

219 1198 245 1220 ‚,
287 1167 357 1218 45,
392 1167 449 1206 14
481 1164 510 1207 Ζ.
542 1161 804 1219 genitivum

221 1259 246 1279 „
287 1227 357 1278 60,
389 1225 447 1266 25
480 1221 588 1267 adn.
621 1222 649 1265 Ζ.
680 1220 911 1266 FIGVRA
942 1221 1000 1266 N

219 1317 247 1338 „
287 1286 358 1336 62,
391 1285 446 1326 21
479 1282 510 1326 Ζ.
541 1279 782 1323 induxerit

221 1376 246 1397 ‚,
288 1345 358 1395 65,
391 1345 445 1384 27
483 1341 511 1384 Ζ.
543 1340 793 1384 noscantur

220 1435 247 1456 „
289 1404 358 1455 72,
394 1404 448 1442 12
482 1398 589 1443 adn.
622 1399 729 1443 add.
762 1397 842 1441 DE
876 1396 1334 1443 CONIVNCTIONE
1369 1399 1425 1444 N

222 1494 248 1515 „
288 1463 357 1514 72,
394 1462 449 1502 15
483 1459 510 1502 Ζ.
543 1456 615 1501 ita,
647 1456 896 1501 dumtaxat

222 1553 248 1574 ‚,
291 1522 390 1573 128,
422 1521 478 1561 23
512 1518 540 1562 Ζ.
571 1515 687 1560 licet
715 1530 760 1561 se

221 1611 247 1633 „
290 1581 388 1631 149,
421 1581 478 1620 26
514 1577 541 1620 Ζ.
576 1574 828 1631 singularis

223 1670 248 1690 ‚‚
290 1641 390 1691 167,
425 1640 479 1679 16
513 1635 542 1679 z.
575 1635 774 1679 oriwntis

223 1730 249 1750 „
291 1699 390 1750 174,
425 1699 479 1738 13
513 1694 541 1738 Ζ.
575 1698 690 1750 aput
719 1705 890 1737 nomen

224 1788 250 1810 „
294 1758 391 1808 177,
427 1758 451 1798 7
483 1753 588 1807 fort.
620 1753 687 1797 sic
718 1753 972 1809 leyendum:
1003 1765 1114 1795 nam
1144 1750 1256 1808 quia
1279 1751 1552 1797 adverbium
1585 1775 1640 1785 ι-
1672 1752 1890 1796 coniunc-

485 1810 665 1855 tionem
694 1812 749 1855 ut
779 1816 842 1866 at,
881 1809 1092 1867 cogimur
1129 1810 1179 1854 in
1216 1811 1563 1868 praepositione
1595 1812 1656 1857 ad
1687 1810 1890 1856 seribere

484 1883 569 1926 per
600 1871 644 1915 d.
