1980 3134
368 80 490 124 XIII.
541 79 620 123 DE
652 78 1146 124 SCINDERATIONE
1177 79 1491 125 FONORUM.
1711 84 1775 135 81

87 207 424 275 disciplinam
471 206 589 275 quis
636 209 895 275 exponat,
951 207 1093 260 aidis
1146 207 1483 275 potissimum
1539 208 1776 263 edicitur.

89 281 226 331 sicut
264 294 423 330 senex
450 276 744 329 Donatus
778 276 962 328 intulit
983 277 1101 330 uidi
1125 293 1383 343 mue-sam,
1424 278 1542 344 quis
1565 278 1779 346 capiat?

87 349 263 400 solent
317 349 460 399 enim
513 347 724 415 integro
780 347 988 399 nomini
1043 347 1200 399 aliam
1251 366 1316 399 ex
1368 347 1473 400 alio
1522 348 1780 416 syllabam

88 417 445 486 supplementi
491 417 666 485 gratia
721 417 1097 485 superaddere,
1156 421 1214 470 ut
1262 419 1343 469 est
1388 423 1662 486 Μαρίαν-η
1718 435 1782 473 su

88 490 231 541 enim
271 506 334 539 ex
371 489 632 539 suauitate
670 493 971 555 susceptum
1010 491 1103 540 est.
1825 503 1846 535 5

231 557 405 610 Multa
430 560 705 625 praeterea
729 561 854 610 sunt
872 574 1070 627 genera
1088 558 1378 626 scindendi,
1406 576 1540 627 quae
1557 559 1781 627 sparsim

88 631 146 681 in
184 628 292 680 suis
330 627 478 679 libris
516 626 759 680 doctores
796 629 1097 696 prodidere:
1144 628 1323 680 nullus
1369 632 1547 681 tamen
1586 646 1780 693 eorum,

71 703 152 751 ‚ut
177 699 389 767 opinor,
430 698 777 765 expositionis
802 698 1021 751 huiusce
1047 698 1112 750 ad
1138 716 1223 750 me
1248 716 1410 766 usque
1439 700 1605 752 edidit
1631 717 1779 768 opus,

89 786 184 821 uos
229 769 397 836 igitur
441 767 544 820 hoc
590 768 751 820 facite
799 769 940 836 quod
986 770 1245 820 Aeneas
1291 768 1517 822 Vestrae
1564 769 1782 838 fecerat,

89 841 362 910 gratutum
426 838 717 908 gratiarum
783 856 949 908 agens
1005 839 1333 908 agendarum
1387 857 1511 892 suae
1567 840 1781 910 coniugi
1804 855 1845 887 10

89 909 428 977 cantilicum,
478 927 612 977 quae
659 909 761 960 sibi
809 926 872 961 ex
918 909 1086 977 ropha
1133 912 1186 961 et
1229 909 1488 977 scephora
1534 910 1648 962 oleo
1696 911 1783 962 ad-

90 981 258 1032 mixto
305 996 442 1047 pene
488 979 802 1031 mortalibus
848 980 1163 1032 inusitatum
1210 979 1291 1031 fer
1329 981 1657 1043 confecerat,
1709 981 1785 1033 di-

90 1068 238 1103 cens:
277 1067 398 1102 mea
423 1067 581 1119 uxor,
619 1067 768 1102 meae
795 1049 1039 1116 diuitiae,
1078 1068 1198 1102 mea
1222 1050 1419 1118 gloria,
1448 1069 1566 1103 mea
1591 1051 1782 1120 gratia,

91 1138 267 1172 meum
304 1120 596 1189 spiramen,
636 1137 766 1188 quas
797 1120 895 1172 tibi
925 1123 1105 1190 grates
1138 1120 1454 1189 rependam,
1494 1139 1627 1190 quae
1652 1121 1785 1173 mihi

92 1191 308 1262 epulum
362 1191 535 1243 facere
593 1193 951 1244 commentata
1006 1209 1090 1259 eS,
1144 1208 1249 1259 quo
1306 1209 1374 1243 ne
1419 1192 1518 1259 ipsi
1573 1191 1785 1261 quidem
1808 1207 1849 1240 15

91 1278 244 1330 reges
309 1263 532 1313 utuntur
578 1260 846 1313 Romani?
917 1262 964 1314 si
1020 1279 1149 1330 ergo
1205 1278 1302 1329 pro
1356 1262 1554 1314 uilibus
1606 1264 1786 1331 grates

91 1333 258 1384 refert
303 1334 462 1400 poeta
506 1331 764 1399 oleribuS,
813 1350 943 1400 quas
994 1331 1193 1384 nostris
1241 1349 1337 1400 pro
1383 1335 1494 1384 tam
1543 1333 1785 1385 dulcibus

93 1402 385 1470 sapientiae
449 1401 670 1470 dapibus
731 1407 910 1472 grates
960 1403 1211 1454 conuenit
1264 1403 1553 1470 rependere
1611 1403 1787 1455 docto-

92 1472 273 1525 ribus?

237 1543 374 1595 Sunt
423 1543 526 1594 alia
573 1543 850 1595 scindendi
895 1544 1036 1605 iura,
1085 1560 1219 1611 quae
1265 1545 1447 1594 tamen
1494 1543 1617 1610 quia
1659 1543 1788 1595 trita
1807 1558 1850 1591 20

95 1615 246 1677 sunt,
305 1613 517 1664 silentio
572 1612 755 1665 uellim
810 1613 1114 1681 praeterire.
1189 1613 1281 1665 sed
1335 1631 1404 1665 ne
1459 1613 1577 1681 quis
1625 1614 1787 1665 etiam

94 1682 408 1735 munusculo
473 1700 528 1734 se
595 1683 886 1752 susciperet
951 1683 1350 1752 defraudatum,
1412 1701 1577 1734 unum
1632 1683 1786 1739 uobis

94 1753 251 1805 huius
298 1753 376 1805 rei
422 1771 622 1821 ponam
668 1753 1058 1818 testimonium,
1119 1758 1256 1822 quod
1302 1771 1453 1806 meae
1499 1753 1789 1806 clausulam

95 1824 242 1876 dabit
268 1824 546 1892 epitomae.
594 1823 658 1875 de
683 1824 979 1892 hyperbato
1005 1842 1274 1876 sumamus
1301 1823 1619 1893 exemplum,
1649 1826 1788 1892 quod

95 1894 254 1946 dictis
291 1893 646 1946 multiformes
684 1895 964 1963 uariasque
998 1895 1219 1947 aliarum
1257 1894 1696 1947 sententiolarum
1732 1894 1790 1946 in
1812 1921 1853 1954 25

98 1964 283 2016 eadem
328 1964 596 2016 sententia
642 1965 1055 2033 interceptiones
1106 1965 1243 2017 solet
1298 1981 1592 2033 apponere:
1649 1965 1790 2033 quod

95 2035 286 2087 uitium
339 2052 649 2102 peruersum
707 2035 920 2104 quidem
975 2035 1242 2100 ordinem,
1300 2052 1436 2103 pene
1483 2037 1664 2087 tamen
1709 2035 1790 2088 in-

96 2105 406 2157 mutabilem
450 2123 546 2173 per
582 2123 764 2158 omnes
798 2108 976 2159 textus
1010 2106 1298 2158 lectionum
1334 2105 1584 2157 inolescit
1607 2107 1790 2158 aucto-

98 2176 329 2231 ritatem.
394 2192 458 2227 ex
505 2176 696 2244 quibus
735 2179 816 2228 est
852 2176 985 2228 illud
1023 2178 1290 2228 Aeneae
1327 2175 1627 2227 Mithridati
1664 2175 1791 2227 belli

97 2245 402 2312 historiam,
453 2246 616 2298 immo
653 2247 1013 2316 tragoediam,
1053 2246 1454 2298 lacrimabiliter
1491 2245 1789 2298 enarrantis
1812 2269 1854 2302 30

214 2404 238 2442 1
259 2399 382 2442 ludis
401 2399 466 2453 N,
484 2398 623 2444 ludus
645 2399 752 2444 Mai
771 2401 787 2455 ΙΙ
810 2405 834 2443 2
855 2400 1085 2454 muesam]
1111 2413 1135 2443 e
1153 2398 1239 2442 exi
1258 2399 1315 2443 N
1319 2416 1330 2452 3
1362 2411 1488 2443 error
1507 2399 1651 2444 inesse
1669 2399 1793 2443 vide-

99 2460 179 2500 tur
196 2455 216 2510 11
238 2461 261 2499 3
290 2455 478 2499 nomine
498 2454 555 2499 N
573 2467 685 2501 corr.
709 2456 817 2499 Mai
837 2456 852 2511 ΙΙ
875 2455 1015 2499 aliam
1044 2454 1175 2499 &alio
1204 2454 1260 2498 N
1275 2455 1291 2510 ΙΙ
1312 2459 1340 2498 4
1370 2454 1639 2511 suplimenti
1658 2455 1714 2498 N
1729 2455 1745 2511 ss
1767 2461 1792 2500 9

101 2513 297 2566 Aeneas]
320 2524 478 2554 emeus
497 2510 564 2566 N,
595 2511 692 2555 iam
710 2511 819 2554 Mai
848 2516 901 2555 de
919 2511 1082 2555 Aenea
1101 2511 1379 2567 coyitaverat
1399 2511 1415 2566 ΙΙ
1439 2514 1491 2555 10
1512 2511 1771 2568 gratiarum

101 2568 288 2624 gratum
308 2567 364 2611 N
379 2579 492 2611 corr.
513 2567 619 2610 Mai
639 2569 656 2622 11
678 2567 883 2633 coniugii
909 2567 965 2611 N
980 2568 996 2624 ΙΙ
1021 2573 1069 2610 11
1099 2566 1366 2610 cantilitum
1384 2567 1441 2611 N
1456 2569 1472 2624 ΙΙ
1493 2581 1569 2611 am
1586 2582 1616 2610 x
1633 2569 1680 2611 to
1701 2567 1758 2612 N
1770 2568 1776 2625 Ι

104 2628 156 2667 15
188 2623 401 2723 θΡΠΙιιῧ]
432 2623 591 2680 depuli
618 2623 675 2667 N
699 2624 714 2679 ΙΙ
743 2623 834 2679 ipsi
864 2623 920 2680 (si
949 2625 1086 2679 corr.)
1117 2622 1174 2667 N
1195 2624 1210 2679 ΙΙ
1242 2628 1293 2667 16
1322 2625 1447 2679 regis
1476 2623 1640 2680 Ν1120
1669 2624 1796 2668 trina

102 2679 159 2723 N
182 2692 296 2726 corr.
384 2680 435 2723 ai
460 2680 477 2735 ΙΙ
505 2684 559 2722 22
588 2679 862 2724 monusculo
890 2679 947 2724 N
968 2681 984 2735 ΙΙ
1013 2679 1131 2724 susci
1169 2679 1258 2723 erit
1285 2679 1341 2722 N
1362 2680 1379 2736 ΙΙ
1407 2684 1462 2723 24
1499 2679 1794 2735 aephitomae

102 2736 158 2780 N
174 2737 190 2791 ΙΙ
211 2736 474 2793 yperbaton
503 2736 559 2780 N
574 2737 590 2792 ΙΙ
613 2736 756 2794 quod]
790 2749 911 2791 quae
940 2736 996 2781 N
1010 2737 1026 2794 ΙΙ
1048 2740 1102 2780 25
1164 2735 1247 2779 icti
1266 2735 1323 2780 N
1337 2736 1353 2792 ΙΙ
1375 2740 1429 2780 27
1458 2749 1682 2802 perversu
1703 2736 1759 2781 N
1770 2736 1793 2793 Η

104 2825 159 2864 28
189 2819 379 2863 inolerit
398 2820 467 2874 N,
499 2820 712 2864 intuierit
731 2820 838 2864 Mai
858 2820 874 2876 ιι
896 2825 950 2865 30
979 2820 1221 2864 metridati
1241 2819 1328 2876 Nn
1349 2803 1475 2873 beu&
1505 2820 1568 2866 N.

192 2897 316 2938 virgil
341 2899 398 2932 ed.
419 2899 600 2932 Huemer.
1434 2894 1460 2932 6
