1980 3134
604 139 684 188 VI.
728 139 810 183 DE
841 139 1314 190 CONIUNCTIONE.
1706 145 1806 198 169

117 265 269 318 multi
322 269 508 319 etenim
561 282 669 319 non
724 267 1067 335 intellegentes
1114 269 1227 321 uim
1282 269 1480 323 latinae
1533 272 1804 337 orationis,

119 336 260 388 ducti
295 336 670 404 similitudine,
709 340 893 406 partes
921 354 1021 404 pro
1049 338 1298 405 partibus
1324 343 1556 407 ponunt3
1594 341 1728 393 sicut
1762 346 1808 394 et

115 406 250 459 illud
260 446 274 472 ‚
323 407 463 472 quod
502 423 619 474 sepe
666 406 824 474 leyere
867 408 1087 460 solemus
1134 411 1644 476 ‘inpraesentiarum'
1689 427 1807 464 con-

113 476 352 542 fundunt
385 477 759 540 nescientesque
794 478 925 543 quid
957 479 1053 544 sit,
1102 478 1314 531 demunt
1347 480 1605 547 syllabam
1640 485 1806 534 extre-

118 563 262 599 mam
287 549 447 600 ‘rum’
474 550 534 599 ut
547 551 759 614 ponant¹
779 549 859 600 ‘in
873 549 1217 615 praesentia',
1239 550 1487 615 facientes
1512 550 1807 604 ablatiuum
1849 566 1870 597 ⁵

116 632 297 669 casum
333 633 451 670 cum
476 618 892 684 praepositione,
937 619 1077 685 quod
1111 619 1321 672 omnino
1358 621 1666 673 conueniens
1700 637 1808 674 non

117 690 203 739 est.
269 703 398 739 nam
435 687 952 753 ‘inpraesentiarum'
990 705 1158 741 unum
1195 690 1505 743 aduerbium
1526 690 1662 756 facit
1684 694 1807 743 tem-

106 757 418 825 porale,-ut
452 758 521 810 sit
555 763 710 823 quasi
747 760 1099 824 ‘praesentim'
1136 759 1329 812 simile:
1366 763 1415 812 et
1447 761 1508 812 in
1540 760 1634 813 hoc
1657 762 1806 814 modo

114 827 456 895 seducuntur,
503 828 633 894 quia
664 831 858 895 putant
886 829 1020 894 fatis
1057 830 1271 882 ‘decens’
1301 831 1652 897 participium
1687 847 1806 884 esse.

114 913 243 949 nam
278 897 406 950 haec
440 898 629 964 uerba,
669 915 804 964 quae
838 900 1120 951 secundum
1155 915 1406 965 personas
1442 900 1712 968 deficiunt,
1749 905 1810 953 ut
1830 915 1871 948 10

117 968 295 1032 ‘decem
336 971 552 1035 oportet,
589 968 738 1020 tedet'
776 971 824 1020 et
859 972 1047 1032 cetera,
1086 970 1380 1036 participia
1415 971 1567 1023 nulla
1603 971 1805 1023 habent.

114 1041 346 1105 superest
369 1054 488 1106 erqo
512 1042 574 1091 ut
597 1039 815 1091 ‘decens'
840 1039 1108 1106 intelleyas
1130 1056 1318 1092 nomen
1343 1055 1447 1092 esse
1472 1041 1806 1107 adiectiuum,

104 1109 387 1175 participii
434 1109 642 1174 quidem
685 1109 879 1175 simile,
925 1110 1059 1162 sicut
1101 1113 1146 1162 et
1193 1110 1502 1163 ‘condecens’
1553 1127 1604 1162 es
1649 1111 1808 1163 ‘incle-

116 1185 252 1231 cens'
291 1181 339 1230 et
374 1179 704 1246 ‘perdecens'.
760 1177 892 1231 haec
917 1182 1191 1234 Aeneas,
1241 1196 1427 1231 uerum
1454 1181 1705 1248 quoniam
1745 1180 1807 1232 de

116 1248 401 1316 participio
451 1251 505 1300 et
549 1249 608 1300 in
653 1249 754 1300 hoc
803 1252 856 1300 et
892 1248 949 1300 in
988 1267 1149 1317 supra
1185 1253 1480 1302 memorato
1520 1267 1643 1318 sepe
1682 1268 1808 1318 opu·
1831 1261 1872 1294 15

117 1319 263 1370 sculo
309 1317 638 1371 sufficienter
683 1318 1021 1371 edisseruisse
1057 1338 1144 1371 me
1182 1320 1436 1386 arbitror,
1490 1323 1808 1388 oportunum

117 1389 242 1441 huic
281 1388 537 1457 epistolae
574 1389 736 1441 finem
774 1389 927 1442 dabo.

539 1555 631 1608 VI.
685 1556 784 1609 DE
823 1555 1389 1611 CONIUNCTIONE.

258 1667 488 1721 Uidetur
532 1668 691 1736 mihi,
739 1668 817 1720 fili
861 1668 1157 1738 carissime,
1205 1669 1336 1721 haec
1372 1687 1496 1737 pars
1534 1668 1808 1732 orationiS‚

118 1756 252 1807 quae
293 1739 598 1791 coniunctio
636 1742 885 1803 uocatur,
926 1739 1114 1791 similis
1151 1757 1266 1791 esse
1301 1739 1671 1792 incastraturis
1695 1739 1811 1808 qui—

118 1809 342 1861 busdam
379 1810 467 1861 uel
502 1810 742 1874 nexuriS,
783 1810 974 1877 quibus
1010 1810 1297 1862 uincienda
1323 1827 1680 1878 quaecumque
1707 1808 1809 1861 col·
1832 1830 1874 1862 20

117 1879 359 1947 ligantur
389 1880 689 1947 molimina,
713 1880 1047 1948 maximeque
1071 1880 1449 1932 tabulatorum.
1492 1879 1588 1932 tali
1614 1879 1811 1931 etenim

116 1949 276 2003 modo
313 1950 445 2002 haec
481 1950 746 2018 particula
783 1951 1066 2018 coniungit
1102 1953 1156 2002 et
1189 1950 1530 2018 conglutinat
1555 1949 1811 2002 dictiones

116 2038 179 2073 ac
218 2020 527 2073 sententias.
587 2020 736 2072 cuius
772 2023 1092 2089 potestatem
1130 2022 1188 2072 in
1226 2021 1458 2088 quinque
1496 2020 1700 2087 species
1738 2019 1813 2070 di-

115 2092 286 2143 uisam
332 2094 539 2143 ueteres
585 2095 969 2157 annumerant,
1017 2109 1235 2159 quarum
1273 2091 1445 2158 prima
1483 2093 1564 2142 est
1602 2088 1811 2157 copula·

116 2162 257 2228 tiua,
299 2178 434 2230 quae
470 2161 684 2230 proprie
722 2161 865 2214 dicta
903 2161 1198 2230 coniungit.
1260 2162 1317 2212 in
1345 2159 1661 2229 copulatiuis
1688 2176 1811 2211 con·
1834 2172 1875 2205 2⁵

118 2231 510 2298 iunctionibuS‚
568 2249 703 2299 quae
749 2249 971 2284 numero
1019 2249 1110 2283 sex
1158 2234 1282 2282 sunt
1336 2235 1384 2283 et
1433 2247 1495 2283 ac
1540 2233 1598 2283 at
1643 2229 1814 2295 adque

119 2306 218 2370 ast,
254 2319 306 2356 ce
329 2318 520 2371 graeca
544 2301 855 2354 assumitur:
895 2304 1127 2354 extreme
1154 2301 1296 2352 enim
1323 2300 1462 2368 apud
1490 2299 1689 2352 Grecos
1714 2316 1810 2367 pro

120 2376 168 2425 et
214 2389 424 2441 semper
468 2373 702 2440 ponitur.
766 2375 821 2424 et
857 2372 988 2424 haec
1027 2371 1331 2437 copulatiua
1367 2369 1693 2422 subiunctiui
1731 2386 1812 2421 or-

121 2442 261 2494 dinis
308 2443 424 2495 fieri
472 2443 607 2494 solet
653 2442 794 2510 apud
844 2459 943 2494 nos
994 2441 1295 2493 dumtaxat:
1343 2443 1575 2493 ceterum
1623 2440 1682 2491 in
1718 2456 1813 2490 sua

233 2613 261 2651 4
291 2610 558 2657 extremar?
587 2610 660 2663 N,
695 2610 953 2653 extremam
982 2607 1090 2652 Mai
1118 2608 1189 2666 118
1220 2607 1358 2650 simili
1387 2607 1444 2651 N
1475 2608 1482 2662 Ι
1511 2613 1536 2650 9
1569 2606 1686 2650 vatis
1713 2605 1770 2650 N
1786 2606 1808 2661 Η

124 2669 176 2710 15
197 2677 332 2721 spera
351 2665 407 2709 N
424 2667 439 2722 ΙΙ
465 2672 515 2711 16
547 2665 925 2725 edissermissime
948 2667 1009 2719 (e1
1030 2677 1087 2708 ex
1105 2663 1140 2716 1)
1161 2664 1217 2708 Ν
1233 2665 1248 2719 ΙΙ
1270 2662 1447 2706 EXPLI
1488 2662 1548 2705 IT
1581 2661 1813 2715 QUINTA

122 2734 204 2779 DE
221 2725 594 2781 'PARTIOIPIQ
639 2734 868 2780 INCIPIT
902 2733 1096 2777 SEXTA
1127 2732 1207 2776 DE
1240 2731 1699 2777 CONIUNCTIONE
1719 2731 1775 2775 N
1786 2732 1808 2788 Η

124 2797 177 2836 18
208 2792 444 2857 carissime
466 2794 482 2849 ΙΙ
504 2798 556 2836 21
588 2791 833 2835 muIimina
860 2790 916 2834 N
931 2791 947 2846 ΙΙ
969 2789 1263 2848 maximeque
1293 2789 1347 2832 N
1361 2790 1376 2845 ΙΙ
1399 2789 1573 2832 etenim
1606 2792 1669 2843 (e2
1698 2801 1753 2833 ex
1778 2788 1811 2842 i)

122 2876 178 2920 N
194 2878 209 2932 ΙΙ
231 2882 285 2922 25
305 2859 394 2939 aep¹
415 2877 600 2921 aedicta
627 2876 691 2922 N.
