1980 3134
185 27 294 71 XIV
847 24 1205 70 PRAEFATIO.

185 196 347 243 neque
401 180 614 228 editores
666 181 928 229 auctorum
978 179 1176 228 infimae
1222 180 1405 231 aetatis
1452 180 1543 228 hac
1579 179 1634 228 in
1678 194 1732 227 re
1773 179 1869 228 sibi

144 278 146 280 v
186 256 472 303 constantes
530 254 782 303 vidissem.
888 253 1042 302 Nolui
1103 256 1273 304 tamen
1336 253 1643 302 differentias
1704 254 1870 302 ortho-

185 328 471 391 graphicas,
522 343 645 390 quas
693 329 755 376 ad
804 328 942 389 leges
991 328 1411 389 pronuntiationis
1467 330 1578 375 tum
1633 327 1870 389 temporis

182 402 407 464 vulgaris
433 401 761 450 enucleandas
787 401 1057 463 plurimum
1081 402 1248 451 valere
1270 402 1632 464 intellegerem,
1664 400 1864 448 omnino

182 475 583 538 praetermittere
616 479 666 523 et
698 478 995 537 apparatum
1027 475 1250 524 criticum
1289 475 1437 523 nimis
1470 490 1678 523 onerare
1715 475 1864 522 rebus

182 549 259 598 his
298 549 568 598 levioribus
615 552 673 597 ut
717 549 889 596 multis
927 548 1244 598 videbuntur.
1319 550 1496 611 Itaque
1543 549 1597 597 in
1635 551 1868 596 textum

186 623 352 685 recepi
402 623 641 671 lectiones
693 624 774 672 vel
812 622 1025 670 maxime
1071 623 1339 672 inusitatas
1385 623 1600 682 veritus,
1644 638 1707 670 ne
1753 637 1871 684 pro-

186 695 488 759 prietatibus
529 697 806 759 scripturae
846 697 1054 744 detersis
1104 697 1283 746 studiis
1322 696 1663 759 grammaticis
1710 695 1871 758 magis

186 771 435 819 efficerem
481 787 630 832 quam
683 770 986 832 proficerem.
1070 770 1238 833 Atque
1284 770 1668 819 consonantibus
1713 770 1869 831 gemi-

184 845 316 893 natis
331 838 370 910 1)
410 845 628 892 multum
665 844 850 892 indulsi
895 844 1038 892 libris
1077 844 1130 892 in
1174 845 1252 893 his
1294 860 1442 906 saepe
1482 843 1870 905 concinentibus,

188 918 436 967 vocalium
459 934 579 967 vero
602 918 926 966 instabilitati
948 934 1047 967 non
1073 919 1279 967 eandem
1303 919 1452 966 fidem
1483 918 1658 981 habui,
1697 932 1869 979 quam-

189 1008 337 1055 quam
378 993 530 1040 etiam
561 993 650 1041 has
684 993 747 1040 ab
780 1008 875 1040 usu
904 992 1106 1052 vulgari
1145 993 1484 1054 discrepantes
1517 991 1869 1053 deprehendes.

186 1066 299 1114 Tali
351 1066 497 1114 modo
550 1082 630 1114 me
683 1082 782 1115 non
834 1067 940 1113 tam
995 1067 1211 1114 auctoris
1259 1082 1408 1129 quam
1454 1066 1774 1114 librariorum
1820 1067 1872 1113 et

185 1139 402 1188 Parisini
464 1142 516 1188 et
563 1140 883 1202 Neapolitani
939 1140 1185 1188 scribendi
1246 1140 1491 1188 rationem
1551 1138 1871 1201 descripsisse

187 1214 296 1277 ipse
337 1214 568 1262 concedo:
617 1213 749 1276 quod
789 1213 1018 1262 similiter
1055 1215 1318 1276 plerosque
1358 1214 1616 1262 auctorum
1655 1212 1871 1261 editores

184 1290 236 1337 et
267 1287 430 1336 facere
477 1289 528 1335 et
565 1288 761 1346 fecisse,
808 1289 1034 1349 quamvis
1082 1288 1178 1335 sibi
1214 1303 1314 1336 non
1352 1287 1715 1349 persuaserint,
1755 1288 1866 1348 quis

186 1363 267 1411 est
306 1362 392 1424 qui
429 1361 614 1424 neget‘?
679 1360 911 1410 Ceterum
951 1362 1339 1424 orthographiae
1377 1376 1601 1424 normae,
1648 1375 1772 1423 quas
1818 1361 1880 1409 in1

183 1436 325 1484 libris
388 1436 497 1484 aevi
559 1435 886 1498 Merovingici
941 1438 992 1484 et
1049 1434 1268 1484 Carolini
1333 1435 1534 1484 edendis
1591 1450 1870 1497 sequamur,

182 1509 402 1559 nondum
442 1509 564 1558 satis
605 1510 889 1573 exploratae
930 1525 1037 1558 esse
1076 1510 1199 1557 mihi
1239 1509 1440 1572 quidem
1477 1509 1722 1557 videntur.

333 1584 560 1646 Denique
593 1583 635 1631 si
667 1583 933 1632 editionem
963 1583 1026 1634 A.
1058 1583 1159 1632 Mai
1198 1584 1257 1631 de
1289 1583 1503 1645 Virgilio
1541 1582 1870 1646 grammatico

188 1658 404 1706 multum
434 1657 603 1706 meriti
634 1673 746 1705 cum
775 1658 870 1706 hac
892 1660 1066 1706 nostra
1090 1656 1424 1721 contenderis,
1465 1658 1586 1720 quot
1611 1658 1661 1704 et
1686 1658 1872 1718 quanta

186 1732 554 1780 emendaverim
577 1732 658 1780 vel
682 1731 943 1780 emendare
967 1731 1209 1781 voluerim
1242 1746 1531 1793 cognosces,
1571 1744 1871 1792 quamquam

189 1820 289 1854 non
321 1820 480 1867 pauca
512 1808 803 1869 supersunt,
843 1820 970 1867 quae
1010 1805 1343 1854 emendatoris
1375 1804 1558 1853 auxilio
1597 1804 1870 1866 indigeant,

186 1881 245 1927 ut
281 1880 376 1928 hac
415 1879 630 1928 editione
669 1879 874 1942 Virgilii
911 1879 1227 1942 grammatici
1277 1878 1498 1927 studium
1538 1878 1697 1942 magis
1738 1878 1869 1926 inco-

183 1953 363 2001 hatum
402 1953 468 2002 sit
510 1968 660 2015 quam
697 1953 761 2002 ad
793 1953 939 2001 finem
969 1953 1278 2015 perductum.
1342 1951 1477 2009 Quae
1510 1967 1622 2001 cum
1651 1952 1725 2000 ita
1757 1952 1871 2014 sint,

183 2028 369 2076 multos
386 2041 465 2074 me
484 2042 592 2075 esse
618 2027 907 2075 habiturum
923 2027 1280 2089 emendatoreS,
1306 2026 1660 2089 castigatorem
1676 2026 1870 2073 nullum

185 2100 349 2149 animo
388 2101 531 2149 firmo
572 2117 772 2163 sperare
808 2100 982 2150 audeo.

332 2174 593 2223 Postremo
619 2176 778 2223 restat
801 2177 859 2223 ut
890 2174 1080 2236 gratias
1113 2189 1262 2236 agam
1292 2173 1533 2221 maximas
1557 2172 1677 2221 viris
1710 2172 1868 2221 doctis

186 2263 308 2311 quos
346 2249 499 2296 libros
539 2248 902 2310 manuscriptos
941 2249 993 2295 in
1023 2263 1190 2296 meum
1220 2262 1369 2295 usum
1407 2243 1488 2296 vel
1527 2261 1757 2295 exarasse
1788 2246 1870 2295 vel

307 2420 349 2475 1)
385 2418 503 2462 Vide
534 2418 694 2475 qualia
724 2419 887 2462 auctor
916 2417 1019 2475 ipse
1050 2416 1342 2475 praeceperit
1365 2432 1411 2474 p.
1438 2422 1506 2472 11,
1534 2422 1589 2460 13
1622 2417 1867 2462 Sciendum

184 2491 294 2522 sane
324 2479 444 2534 quod
474 2479 742 2535 ubicumque
773 2479 968 2522 vocalem
991 2478 1235 2534 quamlibet
1265 2478 1318 2521 in
1341 2477 1491 2521 media
1522 2481 1621 2521 arte
1648 2476 1868 2532 pos-sitam

185 2550 207 2582 8
237 2538 477 2593 duplicata
506 2542 660 2582 secuta
687 2539 854 2592 fuerit,
886 2538 1071 2581 eandem
1100 2537 1297 2581 vocalem
1327 2536 1623 2592 corripiemus
1652 2539 1704 2579 ut
1733 2548 1870 2579 vassa

185 2596 311 2651 fossa
343 2597 502 2640 clussit
531 2597 661 2641 vissit
691 2597 848 2649 vessit,
880 2600 928 2639 at
958 2597 1001 2640 si
1031 2610 1128 2640 una
1151 2609 1174 2639 s
1203 2596 1375 2639 vocalis
1391 2596 1672 2650 producetur
1694 2598 1746 2638 ut
1775 2595 1867 2650 qlo-

183 2655 334 2699 riosus
364 2656 501 2699 visus.
530 2681 582 2687 —
615 2670 661 2712 p.
691 2660 788 2711 152,
815 2660 840 2699 6
873 2655 980 2699 Hac
1010 2656 1065 2700 de
1095 2668 1236 2700 causa
1266 2656 1320 2699 in
1342 2654 1574 2710 plerisque
1605 2654 1761 2697 literae
1784 2653 1867 2696 du-

177 2715 419 2770 plicantur
450 2719 746 2759 consonantes
769 2718 821 2759 ut
845 2715 1003 2759 cellum
1025 2727 1110 2770 pro
1135 2715 1276 2759 celum
1300 2718 1341 2758 et
1370 2714 1520 2757 vellim
1546 2725 1634 2769 pro
1664 2712 1795 2756 velim
1827 2715 1868 2756 et

184 2774 308 2817 ollim
338 2787 424 2830 pro
455 2774 578 2817 olim.
