1980 3134
801 91 1160 138 PRAEFATIO.
1739 95 1819 139 VII

132 248 467 296 commentum
507 242 594 313 (cf.
632 245 760 295 Keil.
801 245 886 296 Gr.
925 248 956 295 I.
995 265 1043 310 p.
1087 250 1207 308 137,
1246 241 1358 314 17);
1397 248 1614 321 plurima
1652 264 1818 313 gram·

132 321 430 369 maticorum
454 319 643 381 scripta
665 320 899 383 continet,
932 336 1058 384 quae
1083 325 1198 384 post
1221 307 1491 370 Ianellium
1514 323 1596 383 hic
1621 338 1818 372 enume-

131 411 243 443 rare
283 397 591 457 supersedeo.

279 467 481 531 Virgilii
512 483 662 529 opera
692 467 1044 517 f.187-—205
1073 469 1336 530 complent.
1361 468 1528 531 Atque
1561 470 1815 534 epistolae,

131 557 254 606 quas
305 542 442 590 solus
480 541 841 604 Neopolitanus
890 543 1131 606 servavit,
1178 543 1312 592 foliis
1357 544 1607 606 prioribus
1658 538 1817 610 (187v

131 610 362 680 —2O5V)
396 616 792 679 conplectuntur,
825 633 1126 680 quamquam
1156 620 1272 679 post
1304 618 1549 680 epitomas
1574 633 1680 667 esse
1707 634 1816 667 con-

131 690 342 752 scriptas
393 706 452 738 ex
491 690 710 738 auctoris
757 690 914 752 ipsius
945 691 1110 739 verbis
1148 685 1527 758 intellegiturl),
1568 692 1815 754 epitomae

127 763 485 827 posterioribus
516 764 550 811 f.
579 765 920 814 2051—2171.
975 765 1271 813 Inscribitur
1310 765 1536 828 epistolis
1578 759 1633 832 (f.
1663 769 1690 814 1
1720 766 1762 815 si
1786 782 1816 814 3

128 836 343 899 Virgilio
375 853 640 886 numerare
673 834 942 902 inceperis)
975 839 1160 887 litteris
1192 838 1270 888 his
1302 840 1466 888 colore
1491 840 1644 888 rubro
1667 840 1816 902 pictis

126 910 376 959 INCIPIT
415 911 800 960 PRAEFATIO
834 911 1134 960 MARONIS
1169 939 1234 948 —-
1271 909 1656 962 subscribuntur
1694 915 1817 962 haec

126 987 159 1034 f.
190 987 254 1034 18
288 985 570 1034 FINIUNT
603 986 709 1035 BIS
736 985 1096 1043 QUATERNE
1123 985 1421 1036 MARONIS
1446 985 1815 1036 EPISTOLAE

126 1059 486 1108 FELICITER
512 1058 816 1109 SALTORE
829 1053 872 1127 2)
898 1061 1029 1108 PER
1047 1059 1370 1110 SCRIPTAE
1388 1055 1475 1126 [sss]
1498 1088 1559 1095 —
1590 1062 1817 1124 sequitur

125 1134 200 1182 IN
224 1132 487 1182 NOMINE
518 1134 636 1182 DEI
658 1134 898 1182 PATRIS
922 1133 1156 1183 MARON
1159 1135 1220 1184 IS
1246 1134 1506 1184 VIRGILI
1531 1133 1815 1184 ORDIUN-

127 1207 262 1256 TUR
307 1207 688 1256 EPHITHOME
741 1209 991 1271 capitibus
1045 1209 1123 1258 his
1178 1209 1370 1258 divisae
1424 1212 1475 1258 et
1529 1209 1808 1258 ordinatae:

124 1282 378 1331 INCIPIT
402 1282 440 1332 I.
466 1282 551 1330 DE
577 1282 788 1331 UARIA
815 1282 1113 1332 RATIONE
1146 1283 1579 1332 LATINITATIS
1613 1311 1675 1317 —
1705 1284 1816 1332 finit

120 1357 329 1420 primus.
405 1355 656 1405 INCIPIT
697 1356 1046 1406 SECUNDUS
1086 1353 1137 1407 ΙΙ)
1169 1357 1543 1407 scenderatione
1585 1358 1816 1406 sonorum

124 1457 196 1464 —-
219 1431 332 1479 finit
354 1429 608 1479 INCIPIT
634 1431 738 1479 IIII
763 1425 881 1498 (sic)
907 1432 996 1479 DE
1022 1431 1272 1480 METRIS
1302 1457 1366 1465 —
1394 1431 1650 1480 INCIPIT
1674 1432 1779 1480 IIII
1804 1469 1814 1480 .

123 1505 212 1552 DE
254 1503 971 1554 COGNOMINATIONIBUS
1012 1505 1339 1555 NOMINUM
1378 1509 1443 1556 at.
1484 1523 1528 1569 q.
1567 1504 1814 1554 VERBO-

123 1578 269 1626 RUM
302 1605 372 1612 —
401 1579 527 1627 finit.
558 1578 813 1627 INCIPIT
852 1580 925 1629 V.
953 1579 1041 1627 DE
1073 1578 1426 1628 CATOLOGO
1456 1572 1576 1647 (sic)
1607 1579 1815 1628 GRAM-

124 1651 524 1701 MATICORUM
561 1680 623 1687 —
659 1653 974 1702 EXPLICIT
999 1652 1301 1702 MARONIS
1338 1654 1542 1715 Viryilii.
1578 1652 1814 1703 Oriuntur

126 1727 366 1788 ephitome.
453 1728 735 1776 orationum
780 1730 951 1791 partes
998 1743 1126 1790 quae
1174 1730 1455 1791 sequuntur
1499 1743 1600 1776 non
1645 1744 1815 1776 nume-

123 1803 316 1865 rantur,
356 1803 410 1849 at
447 1801 796 1864 inscriptiones
834 1802 1022 1851 habent
1051 1802 1164 1850 has:
1203 1801 1293 1849 DE
1326 1800 1625 1849 LITTERA
1657 1795 1813 1868 (teste

123 1868 313 1941 Maio),
382 1875 457 1923 De
520 1876 710 1924 sillabis
773 1903 842 1909 —
904 1876 980 1924 De
1041 1876 1355 1939 pronomine,
1424 1875 1515 1923 DE
1571 1875 1813 1940 VERBO,

245 2004 288 2060 1)
322 2002 380 2047 cf.
413 2001 550 2060 epist.
584 2001 649 2046 IV
679 2016 724 2058 p.
761 2006 859 2059 156,
892 2007 932 2047 6.
996 2002 1190 2058 Propter
1220 2002 1341 2058 quod
1372 2007 1413 2047 et
1443 2015 1536 2058 eqo,
1578 2003 1689 2058 quia
1726 2003 1813 2047 tibi

124 2064 178 2108 de
214 2063 396 2107 nomine
434 2075 489 2106 ac
523 2062 793 2118 pronomine
829 2062 1048 2118 verboque
1091 2062 1346 2106 breviarias
1388 2062 1691 2117 expositiones
1726 2075 1812 2118 per

124 2123 338 2180 epistolas
352 2122 676 2177 intimaverim,
698 2122 940 2175 inferiores
963 2135 1136 2179 quoqne
1154 2126 1312 2176 partes
1329 2121 1609 2165 brevioribus
1632 2121 1812 2178 quidem

123 2183 201 2226 sed
210 2182 420 2238 propriis
442 2181 642 2237 epistolis
658 2182 923 2236 ecplanabo,
933 2181 1204 2237 praesertim
1220 2194 1320 2224 cum
1337 2181 1594 2236 epitomis
1610 2182 1663 2224 de
1675 2181 1814 2223 IIII

121 2242 337 2298 partibus
379 2254 524 2285 unum
569 2240 659 2295 feci
704 2241 993 2296 opusculum,
1047 2253 1162 2296 qnae
1199 2240 1410 2284 residuae
1451 2244 1559 2284 sunt
1598 2240 1810 2284 adverbio

122 2301 292 2345 scilicet
320 2300 573 2356 participio
604 2299 923 2344 coniunctione
954 2304 995 2344 et
1021 2300 1372 2356 praepositione.

247 2362 348 2415 148,
384 2363 453 2402 12.
518 2357 649 2415 Quod
680 2362 721 2402 et
751 2371 829 2416 eqo
860 2360 914 2402 in
943 2359 1143 2415 epitom
1157 2372 1316 2402 arum
1347 2371 1478 2414 opere
1507 2359 1577 2402 ita
1601 2371 1689 2402 esse
1711 2371 1810 2402 sen-

124 2419 329 2463 tiendum
357 2418 586 2461 scribsisse
616 2431 684 2461 me
707 2419 921 2462 arbitror.

246 2481 346 2532 149,
380 2480 449 2520 18.
511 2476 641 2520 Haec
671 2477 724 2520 de
754 2477 917 2533 siyuris
930 2477 1119 2521 ‘dimisse
1156 2476 1376 2532 sufficiat,
1407 2476 1680 2531 praesertim
1710 2489 1807 2519 cum

124 2538 177 2581 in
208 2537 418 2593 epitom
430 2549 586 2580 arum
610 2537 1013 2594 praedictossopere
1035 2536 1303 2592 diliyentius
1326 2535 1380 2579 de
1402 2535 1565 2592 fitquris
1589 2536 1809 2592 quaedam

124 2597 388 2641 dimerimus.

248 2659 346 2710 169,
382 2659 450 2698 14.
504 2653 669 2698 Verum
691 2653 910 2711 quoniam
933 2654 987 2698 de
1005 2653 1259 2710 participio
1282 2656 1324 2697 et
1345 2652 1398 2697 in
1420 2653 1502 2698 hoe
1526 2657 1567 2699 et
1590 2654 1642 2698 in
1666 2667 1809 2710 supra

124 2718 364 2759 memorato
394 2727 525 2770 saepe
565 2713 781 2769 opusculo
820 2714 901 2768 (sc.
936 2711 1171 2769 epitomis)
1213 2712 1491 2767 sufficienter
1523 2713 1810 2758 edi-§seruisse

125 2787 193 2819 me
225 2774 442 2828 arbitror,
471 2777 747 2828 oportunum
777 2772 884 2816 huic
913 2773 1127 2828 epistolae
1156 2772 1292 2827 finem
1320 2773 1452 2817 dabo.

245 2835 291 2889 2)
315 2830 357 2874 A
388 2830 663 2876 SALTORE
697 2829 898 2875 coniecit
927 2830 1079 2875 Maius
1110 2846 1154 2888 p.
1189 2835 1259 2876 95.
