1980 3134
186 77 257 130 34
575 75 832 120 VIRGILII
862 73 1137 119 MARONIS
1166 73 1495 121 EPITOMAE.

189 219 281 258 ars
317 218 480 256 mons.
540 220 658 255 cum
696 220 779 254 me
805 204 1066 254 Aeneas
1105 202 1437 254 sciscientem
1474 202 1648 256 adhuc
1671 204 1879 256 rudem-

188 291 292 342 que
347 273 664 342 discipulum
710 272 884 325 lucide
930 272 1094 324 uellet
1136 272 1381 341 inbuere,
1441 272 1877 343 quandocumque

186 343 321 396 mihi
357 343 540 396 modos
577 342 858 395 nominum
903 342 1136 411 syllabas
1181 342 1341 412 pedes
1387 346 1557 396 metra
1594 344 1874 413 scribebat,

187 415 266 467 ita
302 414 514 482 punctis
552 412 908 481 interpossitis
945 412 1284 478 informabat,
1324 415 1385 466 ut
1421 413 1593 482 primo
1626 414 1761 483 pede
1785 433 1877 484 pa·

146 502 166 534 5
189 484 322 554 gilla
340 485 583 552 inpresso
605 501 767 535 unum
787 485 1048 551 punctum
1066 483 1393 551 inprimeret‚
1421 487 1475 536 et
1492 484 1567 536 ita
1585 484 1875 538 secundum

188 556 575 607 incrementum
612 554 701 605 uel
747 571 1028 605 numerum
1072 553 1348 606 modorum
1384 557 1706 622 punctorum
1744 573 1877 624 quo-

188 642 288 693 que
326 624 552 677 adiectio
590 623 920 692 infigeretur.
968 625 1022 676 et
1058 624 1184 691 quia
1219 625 1386 692 ipsius
1422 625 1637 677 Aeneae
1675 626 1877 678 mentio

187 694 403 761 incedit,
442 694 851 747 commonitoria
878 694 991 746 eius
1017 694 1182 746 uerba
1204 695 1388 762 paucis
1413 695 1680 763 proferam
1705 696 1877 764 uobiS,

188 783 323 834 quae
359 767 579 834 propter
615 764 760 817 illius
798 765 1015 833 longam
1053 764 1348 817 absentiam
1373 765 1488 817 sine
1514 765 1748 817 lacrimis
1773 765 1877 818 fari

126 854 166 885 ιο
186 853 298 888 non
333 853 571 904 possum.
645 835 853 888 dicebat
889 835 1067 903 itaque
1104 833 1262 886 mihi:
1302 852 1330 888 o
1379 835 1597 903 Viryilz',
1636 837 1877 902 primum

186 907 388 974 sidera,
437 922 502 959 ne
538 907 722 974 putius
767 906 872 959 tuis
907 906 1137 958 inuentis
1173 922 1332 972 quarn
1367 909 1578 959 tuorum
1613 907 1878 960 doctorum

187 978 369 1030 eredas
412 976 672 1044 exemplis,
746 979 944 1042 quanto
980 976 1151 1042 magis
1186 981 1324 1028 enim
1350 977 1578 1043 propria
1616 977 1878 1030 autoritas

187 1047 493 1113 defenditur,
533 1050 676 1099 tanto
711 1047 881 1114 mayis
916 1046 1141 1113 inproba
1160 1046 1376 1112 falsitas
1400 1062 1504 1099 esse
1528 1048 1875 1114 deprenditur.

187 1116 399 1169 dicebat
438 1117 625 1169 etiam:
670 1117 877 1170 nultum
913 1118 1045 1169 diem
1087 1119 1249 1168 totum
1285 1120 1511 1170 totumue
1545 1121 1744 1170 noctem
1777 1135 1876 1172 ua-

124 1201 165 1234 15
187 1204 341 1243 cuam
387 1205 423 1241 a
467 1188 759 1255 sapientiae
802 1187 991 1240 studiis
1038 1189 1242 1254 exiyaS,
1291 1188 1420 1253 quia
1463 1191 1511 1240 et
1552 1188 1599 1240 si
1645 1204 1759 1240 una
1795 1189 1879 1240 die

185 1258 270 1311 uel
304 1261 447 1311 noete
483 1258 745 1311 lectionem
781 1257 1123 1310 intermiseris
1159 1261 1208 1309 et
1241 1258 1466 1310 erastino
1503 1259 1683 1311 statim
1719 1259 1881 1325 leyere

186 1329 424 1396 eoeperiS,
462 1344 642 1381 sensus
678 1344 897 1381 acumen
934 1327 1273 1394 aliquantula
1311 1328 1424 1381 lieet
1443 1332 1599 1395 parte
1622 1329 1879 1396 repperies

186 1399 478 1452 deaeutum.
550 1415 778 1466 namque
815 1399 1044 1451 lectionis
1078 1399 1296 1451 intentio
1333 1399 1556 1452 acuendi
1592 1402 1877 1466 auymenta

187 1469 448 1535 conquirit
481 1469 695 1537 ingenii.
757 1468 856 1520 hoc
893 1468 1026 1520 mihi
1061 1485 1190 1536 prae
1229 1470 1417 1521 ceteris
1443 1468 1767 1536 insinuabat,
1807 1486 1877 1521 ne

123 1554 164 1587 20
189 1540 595 1608 congregandae
639 1539 928 1607 cupiditate
973 1539 1229 1607 pecuniae
1273 1542 1510 1592 tenerer:
1561 1539 1698 1592 sicut
1735 1540 1878 1591 enim

188 1627 326 1678 aqua
362 1610 503 1678 ignis
542 1609 861 1662 extinctoria
897 1611 978 1661 est
1015 1611 1068 1661 et
1106 1609 1244 1661 sicut
1278 1609 1529 1662 tenebrae
1567 1609 1750 1662 lumen
1787 1609 1877 1662 ob-

185 1681 440 1744 tendunt,
492 1680 568 1732 ita
613 1681 779 1732 etiam
826 1680 1082 1748 sapientis
1133 1696 1347 1732 sensum
1383 1679 1644 1749 pecuniae
1683 1679 1875 1748 cupido

185 1750 496 1819 incapacem
535 1753 908 1819 expertemque
943 1750 1168 1818 peritiae
1204 1749 1350 1803 facit.
1413 1767 1598 1802 uerum
1623 1751 1876 1819 quoniam

188 1821 370 1873 omnia
415 1821 559 1872 illius
606 1821 925 1873 documenta
971 1838 1379 1873 commemorare
1415 1837 1515 1873 nec
1551 1820 1710 1872 huius
1746 1823 1876 1872 tem-

86 1906 164 1938 -25
187 1892 333 1959 poris
378 1891 556 1943 stiliue
602 1909 703 1943 nec
747 1908 897 1943 meae
947 1890 1239 1943 facultatis
1259 1908 1371 1943 esse
1409 1890 1663 1956 arbitror,
1716 1908 1877 1943 unam

183 1961 343 2029 illius,
371 1979 508 2030 quae
532 1961 670 2014 forte
688 1961 994 2031 legentibus
1012 1961 1196 2029 prosit,
1226 1961 1545 2014 sententiam
1566 1978 1875 2031 proponam.

186 2030 412 2100 quadam
432 2031 515 2084 die
532 2049 653 2084 cum
668 2049 789 2084 eum
802 2034 1005 2084 secreto
1022 2048 1344 2100 quaererem,
1367 2031 1495 2100 quid
1510 2032 1651 2084 inter
1661 2050 1876 2085 causam

299 2232 320 2270 1
344 2241 418 2271 me
439 2239 521 2274 om.
544 2227 601 2272 N
615 2229 630 2284 ΙΙ
652 2227 943 2272 scircientem
957 2228 1016 2281 P,
1038 2239 1121 2272 om.
1142 2227 1192 2272 N
1213 2228 1228 2283 ΙΙ
1253 2232 1274 2270 1
1293 2228 1324 2271 f.
1345 2227 1406 2270 ad
1425 2228 1678 2282 utrumque
1701 2228 1875 2283 (utrum

183 2311 238 2355 in
266 2312 376 2367 ras.)
410 2311 690 2367 discipulum
718 2311 803 2367 Nn
825 2316 850 2355 2
880 2294 1021 2355 ffoide
1043 2311 1130 2367 Nl!
1151 2299 1284 2355 veilit
1312 2311 1379 2374 13,
1410 2310 1557 2354 uellet
1589 2311 1651 2366 (e,
1682 2324 1736 2356 ea:
1755 2309 1793 2368 i)
1826 2311 1880 2355 N

188 2367 208 2422 Η
235 2372 259 2410 3
289 2367 455 2411 modus
483 2368 604 2412 PN1
627 2369 643 2424 ΙΙ
663 2368 903 2412 nominum
923 2380 1008 2412 om.
1026 2368 1082 2412 N
1097 2367 1207 2433 u·4f.
1238 2366 1442 2424 pagillus
1470 2367 1517 2411 P
1536 2367 1552 2422 ΙΙ
1573 2368 1794 2423 inpraesso
1815 2368 1875 2422 P,

182 2451 393 2514 inpressa
420 2452 477 2496 N
499 2453 514 2508 ΙΙ
545 2456 570 2496 5
598 2452 876 2516 inpraemere
905 2452 974 2506 P,
995 2432 1292 2517 ‘inpremere‘
1316 2451 1368 2496 N
1396 2452 1411 2508 ΙΙ
1442 2451 1692 2496 secondum
1710 2453 1775 2516 ,P
1803 2453 1819 2508 ΙΙ
1850 2457 1875 2496 7

184 2508 367 2572 adiecto
395 2508 469 2564 ΡΙ
501 2513 640 2553 7-14
669 2509 930 2573 mfiglretur
960 2508 1148 2573 dicebat
1178 2521 1307 2573 enirn
1330 2508 1387 2553 N
1409 2509 1424 2565 ΙΙ
1449 2514 1500 2553 13
1530 2508 1801 2567 depredltur
1829 2509 1877 2552 P

187 2563 207 2619 ΙΙ
230 2568 281 2607 15
303 2563 403 2608 dle*
493 2565 509 2621 ΙΙ
533 2569 583 2608 16
607 2566 808 2609 crastmfi
827 2565 874 2609 P
894 2565 910 2621 u
935 2570 985 2609 19
1001 2565 1035 2612 f.
1064 2578 1241 2622 mgenu
1272 2566 1392 2610 S1cut
1419 2564 1475 2609 N
1497 2568 1645 2610 cetera
1674 2577 1755 2610 om.
1779 2566 1795 2621 ΙΙ
1817 2569 1872 2608 21

182 2646 315 2710 ignes
335 2646 391 2691 N
406 2648 421 2703 ΙΙ
443 2653 495 2692 21
513 2648 544 2692 f.
575 2632 835 2693 obt=i=¹ndunt
865 2651 909 2703 (o
931 2649 1069 2706 eras.)
1089 2649 1149 2704 P,
1173 2631 1435 2694 obtgndunt
1470 2649 1526 2693 N
1547 2649 1563 2704 ΙΙ
1592 2653 1758 2692 22-27
1796 2662 1875 2691 cu—

183 2702 571 2759 puio-rogarem
608 2718 690 2749 om.
720 2706 774 2750 N
799 2706 814 2762 ΙΙ
843 2710 897 2750 23
927 2706 1240 2760 exspertemq3
1278 2706 1324 2750 P
1353 2707 1368 2761 ΙΙ
1397 2710 1453 2749 24
1491 2704 1769 2749 documenta
1799 2706 1874 2759 (ex

181 2759 305 2813 tum)
325 2759 372 2803 P
392 2759 407 2814 ΙΙ
428 2773 487 2803 ne
504 2762 550 2804 P
570 2763 586 2816 ΙΙ
608 2767 661 2805 25
677 2775 784 2805 mea
796 2762 842 2806 P
863 2762 878 2817 ΙΙ
900 2775 962 2804 un
980 2761 1164 2805 amilius
1178 2763 1224 2805 P
1244 2763 1260 2818 ΙΙ
1282 2767 1334 2806 27
1352 2762 1555 2816 quadam
1572 2774 1626 2805 ex
1643 2759 1873 2814 quaedam

183 2814 229 2857 P
249 2815 265 2870 ΙΙ
288 2818 582 2873 quaererem]
618 2817 804 2862 eberem
834 2818 892 2872 P,
927 2831 1136 2862 eruerem
1165 2817 1335 2862 Hartel
1353 2818 1410 2871 efi
1432 2817 1578 2871 infra.
1604 2818 1619 2873 ΙΙ
1642 2817 1793 2872 qinter
1813 2817 1871 2860 P.
