1980 3134
728 90 783 138 V.
827 90 908 134 DE
939 89 1196 136 ΝΟΜΙΝΕ.
1743 94 1813 147 39

116 219 355 287 nomina,
398 236 532 287 quae
569 217 751 270 multis
780 217 1027 271 uidentur
1052 236 1167 272 esse
1193 218 1473 287 defectiua,
1512 218 1651 287 quod
1676 219 1812 272 ratio

115 289 363 344 lectionis
400 288 644 341 annullat
686 290 748 340 ut
781 304 890 341 uas
938 291 992 341 et
1035 306 1150 357 spes
1195 289 1344 342 chors
1387 305 1519 344 mas,
1584 289 1676 341 sed
1712 306 1813 342 uas

114 362 174 414 in
223 359 580 413 declinatione
626 358 867 411 uariatur
881 399 895 427 ‚
953 359 1045 411 alii
1090 360 1233 412 enim
1279 361 1337 411 in
1385 359 1625 428 genitiuo
1662 362 1810 413 uassi

118 433 366 499 putantes
419 435 473 482 et
517 429 576 480 in
623 428 858 481 ablatiuo
904 446 1062 483 uasso
1111 433 1165 482 et
1210 429 1490 498 pluraliter
1528 446 1809 484 uassorum

117 502 290 555 uassis
325 500 402 553 ita
421 499 796 552 declinandum
815 501 1165 568 putauerunt3
1206 517 1305 552 nos
1324 502 1505 552 autem
1525 502 1808 569 sequentes
1851 517 1872 549 5

118 570 390 624 doctorum
436 569 571 622 scita
605 587 716 622 non
753 570 1064 639 uulgaribus
1102 570 1447 639 opinionibus
1484 570 1807 626 adducimur.

116 641 259 693 docti
296 639 556 709 siquidem
591 639 749 692 huius
785 641 1021 693 nominis
1059 641 1473 694 declinationem
1509 641 1614 694 hoc
1652 641 1810 695 nobis

114 710 271 763 modo
308 710 575 763 tradidere
611 727 712 764 uas
747 712 921 764 uassis
956 713 1104 765 uassi
1140 728 1240 766 uas
1273 728 1428 765 uasse
1453 714 1507 764 et
1531 711 1811 780 pluraliter

113 797 276 835 uassa
311 797 529 834 uassum
564 781 810 834 uassibus
844 797 1008 835 uassa
1042 797 1208 836 uassa
1236 783 1496 837 uassibus.
1552 781 1654 835 hoc
1680 800 1808 835 sane

113 851 573 917 considerandum,
613 851 755 920 quod
792 851 962 904 multa
997 853 1216 904 nomina
1251 855 1443 904 neutra
1481 851 1610 904 duas
1649 852 1808 906 decli·
1833 871 1874 903 ιο

111 921 361 974 nationes
414 921 615 974 habent
658 924 717 974 ut
759 921 1055 988 fundamen
1107 923 1445 988 fundaminis
1505 925 1559 974 et
1614 925 1806 976 cetera.

112 993 243 1045 item
276 992 680 1058 fundamentum
717 994 758 1045 ti
793 996 842 1045 to
886 993 962 1045 sic
1000 995 1054 1045 et
1089 997 1322 1046 stramen
1359 994 1414 1045 et
1448 997 1808 1062 stramentum,

114 1079 393 1130 eoynomen
413 1067 817 1130 coynomentum,
836 1064 1092 1131 specimen
1111 1064 1493 1131 specimentum‚
1506 1080 1810 1117 erassamen

112 1137 531 1187 crassamentum
569 1135 621 1186 et
659 1136 859 1199 cetera,
909 1151 1045 1202 quae
1083 1134 1140 1185 in
1175 1151 1215 1186 n
1252 1133 1605 1186 declinantur.
1678 1134 1807 1186 item

113 1203 281 1257 altare
315 1204 395 1256 ris
432 1206 485 1256 et
522 1205 779 1258 altarium
813 1204 913 1272 rii,
950 1221 1203 1272 praesepe
1229 1205 1593 1272 praesepium,
1641 1206 1810 1259 simile
1833 1221 1874 1253 15

110 1274 394 1340 similium,
456 1275 685 1328 terribile
752 1275 1068 1328 terribilium
1081 1316 1094 1339 ‚
1161 1275 1404 1328 mirabile
1463 1274 1806 1329 mirabilium.

114 1346 241 1396 sunt
279 1343 440 1396 etiam
477 1345 738 1397 feminina
775 1345 1008 1412 nomina,
1045 1363 1181 1413 quae
1218 1345 1418 1413 duplici
1454 1345 1808 1398 declinatione

110 1413 345 1484 gaudent
381 1417 442 1466 ut
477 1417 719 1469 materies
755 1418 809 1468 et
845 1416 1097 1480 materia,
1137 1417 1403 1483 temperies
1439 1418 1806 1484 temperantia,

110 1486 349 1538 caluities
372 1485 609 1555 caluitia,
647 1486 775 1538 licet
810 1486 874 1538 fit
899 1489 952 1538 et
980 1487 1270 1554 caluitium‚
1302 1487 1543 1554 seqnities
1566 1488 1806 1554 seqnitia,

228 1630 292 1669 11.
323 1626 440 1671 Exc.
463 1625 613 1670 Nane.
627 1638 679 1680 p.
698 1629 778 1670 19:
817 1625 877 1669 Et
905 1625 1021 1670 item
1050 1625 1410 1670 fundamentum
1431 1650 1484 1656 —
1507 1626 1573 1669 sic
1602 1626 1808 1670 stramen

111 1706 166 1712 ——
204 1695 224 1724 s
262 1683 471 1727 eciamen
515 1681 882 1737 speciamentum
919 1706 973 1713 —
1012 1681 1174 1726 altaris
1218 1683 1267 1726 et
1310 1681 1467 1725 altarii
1503 1706 1557 1713 —
1595 1682 1807 1726 terribile

109 1737 224 1781 terri
258 1737 389 1782 ilium
410 1764 463 1771 —
483 1737 781 1782 mirabilium.
905 1743 970 1783 17.
1001 1742 1181 1794 Fraym.
1211 1737 1358 1782 Mont.
1390 1737 1467 1795 (ef.
1497 1739 1644 1794 app.):
1690 1737 1810 1782 Sunt

109 1794 261 1837 multa
289 1795 481 1839 nomina
510 1807 631 1849 quae
660 1820 716 1826 —-
746 1793 939 1838 calvitia
969 1794 1210 1838 calvitium
1238 1819 1292 1826 —
1321 1794 1394 1837 his
1421 1819 1469 1826 —
1491 1793 1715 1838 distantia
1737 1796 1810 1839 est

110 1850 312 1907 segnitia
340 1851 527 1908 frigoris
556 1875 611 1882 -
644 1850 789 1894 subiti
809 1875 862 1882 -
885 1864 912 1894 a
941 1846 1104 1894 labore
1135 1850 1369 1906 refrigerii
1398 1875 1452 1882 —
1484 1850 1737 1895 similitudo
1759 1851 1807 1894 in

109 1906 296 1963 pictura
319 1933 372 1939 —
396 1909 614 1951 cantarus
645 1906 820 1950 animal
843 1909 914 1950 est
937 1908 1153 1950 cantatus
1176 1909 1370 1950 cantara
1393 1906 1590 1950 dicimus
1614 1907 1807 1951 dormun-

110 1963 215 2008 cula
233 1990 284 1998 —
303 1963 609 2008 sanctificatio
628 1965 711 2007 est.
772 1962 878 2007 Ars.
897 1977 974 2008 an.
997 1963 1140 2010 Bern.
1154 1976 1206 2018 p.
1227 1966 1322 2016 131,
1348 1965 1428 2007 12:
1449 1997 1459 2007 .
1479 1996 1489 2007 .
1510 1977 1642 2019 quae,
1662 1965 1716 2007 ut
1741 1964 1809 2007 ait

111 2019 358 2077 Virgilius,
393 2019 569 2076 duplici
592 2045 646 2051 —
668 2021 720 2063 ut
748 2020 865 2063 haec
895 2019 1116 2064 materies
1143 2019 1358 2063 materiei
1387 2020 1435 2063 et
1464 2019 1581 2063 haec
1611 2019 1808 2064 materia

108 2078 357 2141 materiae,
404 2076 522 2120 haee
558 2076 817 2140 ‘temperies
859 2075 1108 2132 temperiei
1154 2077 1205 2140 et
1250 2076 1368 2119 haec
1409 2075 1643 2132 temperie.
1684 2077 1805 2140 tem-

109 2132 748 2252 Ξῗέἒῖιῖῗξεῷῇὲιῗὲἶῖἓέ
784 2132 998 2252 etita&
1013 2133 1385 2252 fssiggd'ffgffsiffi
1402 2132 1811 2252 ‚5333210352155321

110 2245 327 2289 beneficii
358 2247 450 2300 est,
481 2245 667 2288 laetitia
695 2257 801 2288 vero
831 2244 1089 2288 familiaris.
1135 2245 1253 2289 item
1281 2257 1466 2300 requies
1497 2257 1524 2287 a
1553 2244 1712 2288 labore
1733 2257 1804 2287 re-

109 2301 291 2366 frigerii
322 2303 415 2357 est,
446 2301 610 2356 requia
640 2302 798 2344 autem
819 2301 1071 2344 otiositatis
1093 2302 1176 2347 est.
1226 2301 1342 2344 item
1362 2299 1504 2344 facies
1524 2300 1628 2356 ipsa
1647 2313 1804 2357 super-

109 2357 238 2402 ficies
270 2360 340 2402 est
369 2356 614 2410 naturalis,
646 2356 770 2401 facia
800 2359 957 2401 autem
975 2357 1242 2402 ,similitudo
1272 2357 1321 2400 in
1350 2357 1549 2414 pictura.

228 2502 250 2540 1
282 2496 511 2542 vedentur
538 2498 586 2541 P
606 2499 622 2553 ΙΙ
643 2502 668 2541 2
699 2496 901 2541 amullat
921 2497 976 2553 (n
996 2499 1133 2551 eras.)
1155 2497 1202 2540 P
1221 2497 1238 2552 ΙΙ
1260 2502 1285 2540 3
1307 2496 1498 2540 alienim
1517 2497 1564 2541 P
1585 2497 1601 2552 ΙΙ
1621 2477 1731 2540 *mai
1760 2496 1806 2540 Ρ

115 2583 134 2637 Η
160 2586 185 2625 5
217 2581 259 2624 ·i·
291 2581 435 2625 vassis
459 2582 519 2646 ‚P
540 2582 556 2638 ΙΙ
577 2585 602 2625 9
633 2594 796 2625 vasum
823 2581 870 2625 P
889 2581 906 2637 11
931 2585 979 2623 11
1012 2578 1257 2644 fundaffita
1284 2568 1459 2679 P’i'ffl
1480 2581 1496 2636 ss
1520 2585 1570 2624 12
1603 2557 1804 2625 &gamen

111 2638 158 2681 P
192 2639 208 2694 [1
247 2642 298 2682 13
345 2644 654 2694 specimentw
684 2637 730 2681 P
765 2637 781 2692 ΙΙ
819 2641 870 2680 16
907 2637 1127 2681 terrebile
1171 2637 1347 2680 terrebi
1367 2651 1464 2680 ium
1509 2637 1556 2681 P
1590 2638 1606 2693 ΙΙ
1640 2636 1803 2681 funda-

110 2694 324 2738 mentum
354 2694 392 2737 &
427 2708 505 2738 vas
535 2693 656 2737 vasis
687 2693 726 2737 δι
753 2693 848 2750 sslf]
874 2706 955 2738 vas
984 2692 1116 2737 vadis
1148 2694 1253 2737 sunt
1280 2693 1337 2736 N
1359 2697 1506 2738 cetera
1528 2706 1611 2738 om.
1634 2694 1649 2750 ΙΙ
1673 2698 1725 2737 17
1756 2694 1804 2737 et

110 2777 338 2822 feminina
362 2791 501 2839 'quae
546 2778 603 2822 N
634 2779 640 2833 Ι
671 2783 722 2823 18
759 2777 1012 2833 temperias
1054 2778 1100 2821 P
1129 2779 1143 2833 ΙΙ
1173 2760 1568 2834 ἠθωρθτῖθῃὺἰαΡ
1590 2778 1605 2834 ΙΙ
1626 2778 1805 2834 tempe-

110 2833 444 2878 ries—morum
474 2847 556 2878 om.
658 2836 673 2889 ΙΙ
698 2839 748 2878 19
780 2834 1002 2878 calvitiaes
1032 2835 1078 2878 P
1099 2836 1114 2890 Ιι
1136 2834 1357 2878 cavitium
1389 2834 1463 2891 R:
