1980 3134
395 145 518 192 XIV.
566 145 647 189 DE
679 144 1334 191 COGNOMINATIONIBUS
1366 147 1454 191 010.
1701 148 1769 200 85

77 274 209 326 luna
248 291 279 324 a
316 274 540 341 quadam
566 272 746 324 Diana
780 273 1049 324 nominari
1076 272 1370 336 estimatur,
1410 289 1544 340 quae
1569 291 1769 325 numen

76 342 438 395 uocitabatur:
479 342 571 395 sed
609 342 746 410 quod
784 343 988 411 ueriuS‚
1029 343 1159 395 luna
1195 361 1259 395 ex
1295 343 1412 410 ipso
1447 343 1649 396 lumine
1674 361 1769 395 uo-

78 417 243 466 catur.
293 414 440 466 stella
466 431 497 465 a
523 412 751 480 quodam
778 411 991 466 811111Πο
1018 414 1252 466 uocitata
1277 415 1372 479 est,
1400 430 1558 481 quem
1583 414 1770 466 dicunt

77 484 318 552 aurigam
343 483 508 535 fuisse
535 483 834 535 stellarum:
862 483 952 535 sed
980 484 1165 536 stellae
1185 484 1358 536 omnis
1377 483 1495 535 ideo
1515 483 1770 536 dicendae

77 558 229 619 sunt,
279 554 403 622 quia
452 553 620 605 ueluti
667 554 927 622 quaedam
975 554 1256 606 stellicidia
1302 554 1407 606 leui
1443 554 1629 607 uolatu
1668 554 1770 606 dis·
1814 571 1833 602 5

79 627 316 676 currunt.
374 624 467 676 sed
506 624 646 675 inter
683 623 864 676 stellas
903 628 957 677 et
994 627 1137 676 astra
1175 628 1229 676 et
1266 624 1453 688 sidera,
1492 642 1630 692 quae
1666 625 1771 676 tria

76 711 275 763 genera
299 697 426 746 sunt
451 694 693 746 caelestis
720 697 958 762 ornatus,
987 712 1120 763 quae
1146 694 1448 747 differentia
1474 694 1591 747 est?
1630 696 1771 763 quod

74 765 249 818 stellae
302 768 362 816 ut
417 764 643 816 diximus
700 764 765 816 de
812 765 1076 817 stellando
1128 765 1442 818 diriuantur.
1511 769 1661 818 astra
1707 765 1770 818 de

76 835 334 887 uarietate
370 835 608 903 picturae
645 835 811 903 (aster
837 836 1032 904 quippe
1058 835 1199 904 apud
1225 835 1572 903 philosophos
1597 836 1771 903 pictor

76 905 322 974 dicitur),
371 906 518 958 sidus
565 905 629 957 de
667 905 772 957 situ
809 906 1009 958 maiore
1045 906 1368 957 nominatur.
1433 923 1558 974 ergo
1599 906 1771 958 sidera
1794 921 1836 952 10

77 975 338 1027 altissima
377 978 502 1027 sunt
538 978 826 1043 astrorum,
867 976 1052 1028 stellae
1089 977 1312 1028 minima
1350 993 1587 1044 quaeque
1629 978 1771 1028 astra

76 1063 136 1098 ac
172 1046 338 1112 leuia,
378 1048 522 1098 astra
557 1063 684 1098 uero
721 1045 896 1098 omnis
934 1050 1153 1098 ornatus
1193 1046 1440 1098 celorum.
1704 1080 1708 1084 »

216 1116 357 1170 Auis
382 1116 445 1168 de
471 1116 727 1168 auiditate
753 1116 1006 1185 carpendi
1031 1116 1254 1168 dicenda
1281 1119 1381 1168 est:
1411 1117 1619 1168 uolucer
1643 1133 1771 1167 uero

75 1187 143 1238 ab
199 1186 317 1255 ipsa
371 1186 660 1239 uelocitate
713 1186 959 1239 uolandi:
1013 1187 1228 1240 uolatile
1283 1192 1463 1238 autem
1513 1204 1625 1238 non
1673 1186 1774 1237 erit

76 1273 274 1308 nomen
322 1258 595 1325 proximae
632 1257 971 1325 possitioniS‚
1022 1257 1113 1309 sed
1152 1257 1458 1309 diriuatum.
1518 1255 1773 1324 quidquid
1799 1272 1836 1303 15

76 1327 226 1379 uolat
263 1328 614 1379 communiter
652 1327 867 1395 dicitur,
918 1332 972 1379 et
1007 1326 1259 1380 Catone
1298 1327 1507 1378 dicente
1553 1329 1775 1393 sayit‘bae

80 1398 191 1450 eius
225 1399 466 1451 uolatiles
500 1402 637 1451 sunt.
702 1401 755 1450 et
781 1398 852 1451 Oi
867 1416 894 1450 c
909 1416 1018 1450 ero
1057 1397 1303 1463 elifantui
1338 1397 1515 1465 inquit
1539 1397 1776 1449 uolatiles

77 1469 138 1520 in
176 1469 314 1521 bello.
381 1469 543 1522 bestia
580 1469 777 1521 dicitur
813 1468 877 1520 de
903 1468 1083 1532 bessu,
1124 1467 1227 1520 hoc
1254 1471 1335 1520 est
1358 1485 1507 1520 more
1530 1466 1773 1519 feritatis,

77 1538 223 1590 belba
278 1539 486 1590 marina
542 1539 670 1606 erit,
729 1539 817 1591 bel
875 1540 1015 1591 enim
1063 1556 1205 1590 mare
1254 1556 1284 1589 a
1330 1537 1488 1589 fisicis
1535 1540 1772 1589 uocatur.

79 1625 202 1661 caro
258 1626 288 1659 a
342 1610 563 1661 caritate
613 1610 962 1678 cognitioniS,
1019 1625 1205 1676 corpus
1250 1627 1282 1660 a
1330 1607 1773 1676 corruptibilitate
1798 1622 1839 1654 ‘20

81 1681 303 1730 naturae
357 1679 574 1731 dicitur:
632 1680 724 1732 sed
778 1679 883 1732 hoc
937 1680 1000 1731 de
1053 1679 1283 1731 homine.
1354 1682 1587 1731 ceterum
1633 1677 1773 1746 quod

78 1749 218 1800 uisui
265 1752 414 1817 patet
450 1766 636 1817 corpus
673 1750 882 1805 dicitur.
946 1750 1219 1818 quaeritur
1261 1749 1402 1800 unde
1450 1748 1775 1816 appellatur:

70 1835 177 1887 pus
224 1819 281 1870 in
329 1819 614 1887 philosofia
661 1820 899 1872 custodia
945 1820 1163 1884 dicitur,
1220 1823 1281 1871 ut
1326 1820 1403 1871 ait
1450 1818 1776 1887 Origenes

70 1890 260 1957 positis
307 1891 367 1942 in
404 1907 544 1957 pure
586 1891 853 1957 fratribus
887 1891 1027 1944 solus
1063 1892 1255 1957 euasit,
1305 1890 1408 1942 hoc
1446 1892 1526 1941 est
1563 1891 1622 1941 in
1660 1906 1776 1941 car-

81 1976 205 2012 cere.
263 1976 483 2028 corpora
521 1978 553 2012 a
591 1961 833 2013 custodia
868 1960 1073 2013 dicitur.
1125 1964 1283 2028 caput
1316 1978 1347 2012 a
1382 1960 1612 2028 capitate
1640 1959 1778 2011 sumi
1800 1970 1841 2004 25

81 2029 283 2082 dictum
340 2032 446 2094 est,
496 2031 637 2084 unde
685 2049 872 2100 capere
919 2030 1114 2084 dicitur
1173 2048 1307 2099 quae
1354 2030 1675 2082 comedimus
1726 2033 1779 2082 et

81 2102 264 2152 tenere
301 2119 435 2169 quae
472 2119 634 2154 manu
673 2103 968 2172 tangimus;
1020 2102 1108 2154 sed
1148 2101 1214 2153 ad
1259 2101 1494 2153 animam
1528 2100 1774 2166 refertur,

83 2188 143 2222 eo
181 2170 322 2239 quod
361 2189 527 2240 capax
565 2172 957 2242 cogitacionum
994 2190 1058 2224 ac
1095 2171 1396 2226 memoriae.
1460 2172 1636 2224 oculus
1674 2169 1778 2222 dici

198 2302 218 2339 1
249 2296 412 2339 lunam
442 2296 508 2352 N,
541 2297 654 2341 luna
683 2311 827 2353 quare
857 2299 911 2342 in
940 2311 1083 2354 mary.
1108 2299 1124 2353 ΙΙ
1145 2311 1317 2341 nomen
1347 2297 1412 2349 N,
1445 2310 1509 2340 an
1528 2295 1733 2339 Lucina?
1753 2295 1773 2351 Η

83 2371 108 2408 2
133 2366 247 2409 luna
268 2357 286 2418 1
311 2366 368 2409 Ν
394 2367 410 2421 ΙΙ
440 2372 466 2411 3
496 2367 683 2411 stellam
712 2367 768 2412 N
792 2369 846 2411 in
874 2381 1017 2424 mary.
1049 2368 1189 2411 stella
1219 2380 1363 2422 quare
1394 2368 1410 2421 ΙΙ
1440 2370 1466 2410 5
1495 2366 1655 2409 volatu
1685 2365 1741 2408 N
1754 2365 1776 2422 ΙΙ

83 2426 109 2464 6
139 2422 262 2465 inter
293 2422 454 2487 stellas
485 2423 535 2466 et
565 2424 691 2466 astra
721 2425 770 2467 et
789 2424 945 2467 sidera
964 2426 1021 2477 ‘on
1041 2423 1104 2466 sit
1123 2425 1176 2467 in
1196 2435 1340 2480 mary.
1362 2422 1419 2466 N
1434 2423 1450 2478 11
1473 2427 1496 2466 7
1519 2421 1782 2466 deferentia

83 2520 139 2563 N
155 2521 171 2575 ΙΙ
192 2524 218 2564 8
249 2489 507 2577 stsslsllando
536 2520 592 2563 N
608 2521 624 2576 ΙΙ
648 2525 700 2564 10
730 2521 857 2575 sydis
886 2520 943 2563 N
958 2520 976 2576 Η
995 2521 1172 2564 11101010
1201 2520 1259 2564 N
1274 2521 1290 2576 ΙΙ
1315 2525 1363 2563 11
1387 2519 1575 2562 1111111113
1595 2532 1779 2575 queque

83 2576 139 2620 N
160 2577 178 2631 ΙΙ
208 2581 259 2619 12
290 2576 420 2631 11010]
451 2590 509 2620 vo
539 2576 596 2619 N
618 2577 638 2633 ΙΙ
667 2581 720 2619 14
748 2576 940 2620 volatile
974 2575 1096 2620 unde
1127 2577 1181 2620 in
1209 2589 1354 2632 marq.
1386 2574 1444 2620 N
1466 2576 1482 2632 ΙΙ
1514 2580 1564 2619 17
1596 2574 1780 2618 01110010

83 2633 139 2676 N
162 2633 178 2688 ΙΙ
210 2637 262 2676 19
294 2629 454 2689 ess'ffrit
481 2632 668 2675 bellena
697 2633 746 2675 in
774 2632 830 2676 N
853 2634 869 2687 ΙΙ
899 2632 1219 2698 ampisicisN
1234 2633 1250 2687 ΙΙ
1272 2637 1326 2676 20
1357 2631 1699 2687 corruptilitate
1730 2630 1786 2674 N

90 2717 182 2773 1523
212 2716 476 2772 philosopia
504 2716 560 2760 N
583 2716 599 2772 ΙΙ
629 2715 844 2759 custudia
871 2716 928 2760 N
943 2717 959 2771 ΙΙ
981 2700 1185 2773 011ς111ὲο
1215 2715 1270 2759 Ν
1293 2716 1311 2771 ΙΙ
1332 2720 1387 2758 24
1417 2715 1540 2760 solus
1563 2717 1578 2771 ΙΙ
1601 2715 1655 2758 25
1686 2727 1782 2758 cor-

84 2786 202 2828 pora
222 2774 264 2828 a]
294 2772 401 2826 fort.
427 2785 594 2828 corpor
624 2785 652 2815 3,
671 2774 690 2828 {l
711 2772 926 2816 custudia
953 2772 1009 2815 N
1025 2773 1041 2828 ΙΙ
1062 2786 1226 2816 sumen
1246 2772 1302 2816 N
1319 2784 1433 2816 corr.
1456 2772 1564 2815 Mai
1584 2773 1600 2827 ΙΙ
1622 2777 1676 2816 26
1708 2785 1783 2814 ca-

85 2842 198 2884 pere
229 2831 289 2883 (e¹
321 2841 377 2872 ex
403 2828 436 2882 i)
474 2828 531 2872 N
555 2829 570 2884 ΙΙ
601 2833 653 2871 27
690 2842 883 2871 manum
921 2829 976 2872 N
1001 2829 1016 2884 ss
1044 2829 1299 2885 tangumus
1337 2829 1392 2872 N
1417 2830 1433 2884 ΙΙ
1462 2832 1516 2871 28
1555 2827 1783 2871 memoria

88 2886 134 2939 (o
165 2889 298 2938 corr.)
332 2885 386 2927 N
402 2885 418 2940 ΙΙ
440 2884 584 2928 oculis
613 2884 678 2928 N.
