1980 3134
712 106 748 150 1.
797 105 877 150 DE
909 102 1248 153 SAPIENTIA.
1789 109 1824 161 5

129 233 341 304 quidem
366 233 471 286 fuit
495 234 733 300 AnneuS,
762 251 920 302 quem
939 232 1022 285 bis
1043 232 1410 285 centenarium
1429 233 1591 285 fuisse
1613 233 1822 301 ferunt3

131 304 223 362 sed
269 304 392 373 quia
429 303 515 356 hic
553 303 671 355 Beli
710 303 983 356 cuiusdam
1023 303 1165 372 regis
1203 303 1531 371 temporibus
1570 303 1734 356 fuerit
1771 310 1826 356 et

131 376 292 444 longe
349 377 475 426 ante
525 374 826 443 linguarum
883 376 1148 427 retroacta
1202 374 1422 426 diuissio
1471 376 1568 441 sit,
1626 391 1824 444 negare

132 447 375 516 cogimur
399 445 719 496 latinitatem
758 447 948 513 utpute
987 444 1342 513 antiquiorem
1382 462 1446 497 ex
1482 445 1600 513 ipso
1627 444 1822 497 Latino

132 515 466 585 usurpauisse
492 515 834 583 uocabulum,
870 516 958 567 sed
985 515 1165 583 putius
1190 518 1250 567 ut
1279 516 1538 567 Aeneae
1565 533 1625 568 ac
1662 515 1824 567 maio·
1846 529 1867 561 5

130 587 277 639 ribus
325 585 500 637 uisum
554 588 635 638 est
692 603 756 637 ex
809 585 1092 638 latitudine
1140 586 1307 654 ipsius
1353 586 1569 656 linguae
1618 589 1827 639 constat

130 657 297 709 fuisse
323 656 618 708 diriuatam.
667 655 895 724 denique
924 674 1045 708 cum
1071 656 1322 708 hebream
1347 674 1630 725 grecamue
1655 660 1826 709 trans-

130 728 284 780 edere
309 727 366 779 in
393 726 616 779 latinam
641 726 884 796 linguam
909 727 1140 779 uolueris
1150 768 1164 794 ,
1196 726 1335 779 hanc
1362 727 1610 780 omnibus
1635 727 1823 787 modiS,

130 797 355 866 loquelis
392 797 724 850 orationibus
750 797 1072 866 syllabisque
1097 797 1338 849 latiorem
1366 797 1639 850 offendies.
1693 797 1826 850 haec

130 874 307 921 autem
343 867 582 920 latinitas
618 871 839 936 propter
874 871 1144 920 oratorum
1170 869 1566 920 ornatissimum
1592 869 1826 936 leporem
1849 881 1891 913 10

132 940 303 992 oratio
328 940 694 1007 nuncupatur,
723 938 863 991 unde
890 941 946 990 et
962 941 1139 1007 partes
1159 938 1413 991 orationis
1431 938 1827 1007 intellegendae

132 1013 258 1062 sunt
303 1011 482 1078 partes
529 1009 834 1061 latinitatis.
909 1011 966 1061 at
1012 1027 1137 1061 uero
1177 1010 1266 1078 qui
1303 1012 1479 1077 partes
1527 1010 1828 1062 orationum

134 1097 388 1134 caraxare
414 1079 631 1145 uolunt,
671 1079 849 1132 nescio
875 1097 979 1148 qua
1005 1080 1321 1132 auctoritate
1348 1080 1682 1147 animantur,
1721 1080 1828 1132 nisi

131 1152 271 1204 forte
309 1153 368 1202 ut
406 1150 702 1219 Glengus
740 1151 1016 1217 tractauit,
1056 1168 1214 1219 quem
1253 1150 1578 1219 Asporius
1617 1153 1828 1203 secutus

133 1225 238 1290 est,
277 1221 547 1274 orationes
584 1239 680 1290 pro
720 1221 1055 1274 sermonibus
1095 1221 1665 1290 eloquentionibusque
1693 1221 1825 1274 acci-
1851 1230 1892 1263 15

132 1292 358 1361 piendae
396 1294 551 1359 sunt,
590 1310 724 1360 quae
759 1291 817 1343 in
856 1294 978 1344 octo
1014 1295 1193 1361 partes
1231 1292 1364 1344 findi
1401 1292 1625 1344 soleant.

274 1362 584 1415 Latinitatis
624 1365 802 1415 autem
841 1380 1041 1431 genera
1077 1366 1202 1415 sunt
1226 1362 1360 1430 XII,
1403 1380 1628 1431 quorum
1663 1380 1829 1414 unum

131 1434 389 1486 usitatum
435 1433 587 1502 fitur,
637 1451 742 1502 quo
791 1434 1081 1502 scripturas
1118 1433 1298 1485 Latini
1345 1450 1527 1486 omnes
1566 1435 1831 1485 atramen-

132 1507 328 1559 tantur.
401 1506 463 1555 ut
509 1506 689 1556 autem
735 1504 1066 1556 duumdecim
1112 1521 1369 1574 generum
1407 1504 1830 1573 experimentum

135 1660 317 1704 ceteros
363 1658 576 1701 auctores
619 1658 746 1701 recte
790 1657 1025 1703 utebatur.
1077 1657 1290 1702 latinitas
1334 1658 1388 1701 ut
1433 1658 1624 1713 quidam
1669 1657 1832 1701 dicunt

136 1715 196 1759 ab
216 1715 297 1758 illo
315 1726 484 1757 nomen
508 1713 692 1770 accepit
705 1747 715 1766 ,
746 1714 826 1758 sed
847 1714 930 1757 alii
950 1714 1276 1758 rationabilius
1296 1713 1584 1758 latinitatem
1606 1727 1663 1757 ex
1683 1713 1830 1770 ipsius

134 1772 321 1828 linguae
340 1769 591 1813 latitudine
606 1770 891 1813 vocabulum
907 1770 1156 1826 sumpsisse
1172 1770 1344 1818 ferunt,
1376 1784 1482 1814 cum
1500 1771 1623 1814 enim
1641 1770 1831 1814 ebream

135 1839 385 1885 grecamve
430 1826 479 1869 in
515 1826 714 1870 latinam
752 1826 818 1869 lin
855 1841 963 1871 uam
1001 1826 1254 1871 transferre
1295 1827 1496 1871 volueris
1526 1852 1580 1858 —
1609 1826 1830 1870 invenies.

134 1897 221 1928 nec
257 1884 411 1926 minus
451 1883 499 1926 et
534 1882 623 1926 hoc
660 1882 821 1926 intuen
859 1897 960 1937 um,
1001 1883 1126 1939 quod.
1163 1883 1279 1927 haec
1317 1882 1523 1927 latinitas
1552 1896 1638 1948 pro
1674 1887 1748 1926 ter
1779 1907 1832 1913 —-

134 1939 397 1984 latinitatis.
468 1938 702 1983 orationes
752 1939 877 1983 enim
928 1952 1015 1996 pro
1059 1940 1350 1984 sermonibus
1398 1939 1649 1984 elocutioni
1685 1951 1832 1994 usque

136 2008 412 2081 a⁶cipiendae
442 2048 497 2055 ——
527 2023 692 2068 solent.
1563 2062 1566 2066 .

249 2087 289 2128 9.
319 2079 438 2124 Exc.
466 2079 610 2126 Rern.
639 2080 721 2146 gcf.
751 2080 939 2135 Haye‘ni
965 2081 1138 2125 Anecd.
1178 2081 1310 2124 Helv.
1340 2094 1388 2136 p.
1424 2083 1527 2134 190,
1561 2083 1659 2133 16):
1704 2078 1834 2121 Haec

135 2139 294 2182 autem
325 2161 378 2168 —-
412 2136 709 2190 eloquent1ae
746 2137 955 2193 leporem
986 2162 1040 2169 —
1069 2137 1195 2180 unde
1223 2139 1383 2194 partes
1417 2162 1472 2168 —
1508 2138 1615 2179 sunt
1654 2135 1711 2178 de
1750 2149 1833 2176 nu-

135 2207 266 2238 mero
305 2193 463 2249 partes
497 2193 778 2238 Latinitatis.
839 2193 1074 2238 orationes
1110 2206 1197 2250 pro
1236 2194 1526 2237 sermonibus
1562 2190 1833 2235 elocutioni-

134 2251 343 2306 busquae
374 2274 428 2281 —-
459 2249 655 2299 soleant,
681 2280 690 2290 ,

253 2396 274 2433 1
299 2390 490 2445 quidam
511 2390 618 2434 Mai
638 2391 654 2446 ΙΙ
677 2389 983 2434 centinarium
1003 2390 1071 2443 P,
1102 2389 1420 2433 cenentarium
1442 2389 1496 2433 N
1513 2390 1529 2445 ΙΙ
1551 2393 1575 2431 2
1605 2387 1722 2431 belli
1741 2386 1828 2443 ΝΗ

138 2453 164 2491 3
186 2446 349 2490 divisio
372 2445 428 2489 N
442 2447 459 2501 ΙΙ
479 2445 534 2489 fit
561 2447 607 2490 P
635 2450 651 2499 ΙΙ
679 2451 707 2489 4
737 2452 922 2502 cogem’
952 2445 1009 2489 N
1030 2447 1046 2501 ΙΙ
1076 2447 1273 2502 utputae
1302 2445 1357 2489 N
1372 2446 1388 2501 ΙΙ
1411 2450 1436 2489 5
1465 2459 1574 2487 usur
1610 2457 1710 2487 asse
1741 2442 1798 2485 N
1810 2442 1830 2498 Ἰ

137 2503 294 2558 potius
322 2502 378 2546 N
393 2502 408 2554 ΙΙ
430 2505 590 2562 Aenea
614 2502 669 2546 N
684 2503 701 2558 ΙΙ
723 2508 748 2546 6
767 2502 1118 2544 latinitatudine
1139 2502 1204 2553 P,
1235 2501 1533 2545 latitudinem
1637 2501 1652 2555 ΙΙ
1675 2505 1698 2543 7
1726 2499 1836 2542 hae-

140 2561 301 2623 bream
322 2558 426 2602 ΡΝ
440 2558 456 2613 ΙΙ
478 2559 780 2621 transaedere
801 2558 862 2613 P,
883 2557 1179 2621 transsefiere
1199 2557 1262 2611 N,
1285 2557 1537 2601 transferre
1558 2557 1664 2600 Mai
1684 2557 1691 2611 Ι
1723 2561 1747 2599 9
1768 2555 1835 2598 lo-

138 2613 1393 2726 3323312122'ffiffihssasssnffiffissfficnsstdiiffssuzssnuffuff
1415 2613 1719 2714 Ῑέοἳὲξῗέἓωω
1732 2613 1800 2711 '¹12¹
1811 2616 1832 2723 ἦ

141 2745 193 2784 14
224 2730 407 2797 asperis
429 2741 475 2784 P
502 2740 518 2796 ΙΙ
547 2741 754 2798 secur-tus
783 2739 838 2783 N
861 2741 877 2795 ΙΙ
908 2744 959 2784 15
990 2739 1241 2795 orationes]
1271 2751 1354 2786 om.
1387 2738 1443 2782 N
1457 2740 1473 2795 ΙΙ
1496 2736 1836 2794 eloquentioni-

137 2798 317 2852 busque
346 2796 449 2841 ΡΝ
473 2798 634 2851 (quae)
658 2799 674 2853 ΙΙ
698 2801 750 2840 16
781 2796 932 2839 solent
962 2795 1018 2839 N
1031 2796 1048 2852 11
1073 2801 1123 2841 18
1154 2796 1272 2839 situr
1302 2794 1371 2851 N,
1404 2799 1547 2840 scitur
1573 2795 1681 2838 Mai
1701 2795 1717 2850 ss
1740 2805 1835 2837 om-

138 2854 210 2897 nis
237 2853 298 2898 N
311 2854 327 2909 ΙΙ
349 2853 653 2906 atram'etatur
682 2854 729 2897 P
748 2853 764 2907 ss
787 2851 875 2895 XII
905 2852 968 2897 N.
