1980 3134
201 126 301 179 112
575 122 829 168 VIRGILII
859 121 1134 167 MARONIS
1164 121 1514 167 EPISTOLAE.

197 255 471 308 laetamen.
548 252 639 303 sed
696 250 954 319 quaedam
1009 267 1189 302 eorum
1245 249 1617 302 discretionem
1669 249 1886 317 habent,

199 323 458 392 quaedam
496 339 622 373 uero
661 324 878 389 propter
915 319 1086 372 solam
1123 320 1491 372 inuentionem
1517 319 1678 372 scribi
1704 319 1889 372 dicun—

197 399 306 463 tur3
364 392 502 461 quod
559 395 741 444 tamen
798 409 829 442 a
875 390 1139 458 plerisque
1187 389 1459 442 doctorum
1506 390 1622 442 fieri
1670 391 1888 443 omnino
1956 389 1960 393 ’

196 482 352 533 posse
389 466 641 531 negatur,
681 460 1078 513 adfirmantium
1103 460 1309 512 nullum
1334 461 1547 529 penitus
1573 478 1772 513 nomen
1799 463 1890 513 aut

153 552 174 584 5
197 535 417 587 uerbum
466 536 558 584 aut
603 531 837 600 aliquam
885 531 1145 583 orationis
1204 534 1411 599 partem
1467 532 1629 583 immo
1687 530 1890 583 nullam

197 623 334 673 pene
381 603 640 671 syllabam
686 606 780 663 aut
828 601 1035 653 literam
1083 601 1244 653 scribi
1281 619 1390 653 non
1427 601 1638 654 ratione
1675 601 1890 670 plenam

195 675 282 726 uel
320 674 546 742 quadam
584 672 666 725 sui
702 672 1026 742 proprietate
1063 672 1315 740 potuisse.
1378 689 1475 724 nos
1514 672 1742 740 denique
1769 690 1890 724 cum

196 744 421 796 dicimus
461 744 714 797 laetitiam
759 741 1143 794 iocunditatem
1182 741 1347 794 animi
1386 742 1747 811 significamus
1785 745 1890 795 sta-

196 815 359 867 bilem
397 818 450 867 et
486 813 877 882 quodammodo
916 830 1233 881 perennem,
1285 815 1338 864 et
1376 813 1620 865 laetitiam
1668 813 1712 864 si
1750 811 1890 865 dica-

135 905 175 937 10
198 903 340 952 mus,
391 884 621 937 subitam
669 901 780 936 esse
828 883 1218 952 intellegimus,
1269 885 1322 935 et
1358 883 1616 936 laetamen
1661 884 1890 952 gratiam

197 955 469 1008 cuiusdam
507 954 717 1007 additae
756 953 1131 1023 gratulationis
1168 953 1477 1005 indicamus.

337 1024 439 1077 Est
475 1025 635 1077 etiam
672 1041 867 1092 uesper,
906 1041 1130 1092 uespere,
1169 1040 1458 1092 uesperum,
1495 1040 1729 1090 uespera.
1801 1023 1892 1076 hic

198 1114 377 1149 cassus
402 1095 770 1148 nominatiuus
797 1094 1127 1163 quadruplex
1154 1096 1259 1162 est3
1293 1094 1443 1146 cuius
1471 1093 1764 1146 deferentia
1789 1092 1892 1158 hoc

197 1167 326 1231 erit,
365 1165 506 1234 quod
541 1182 723 1232 uesper
761 1165 974 1233 quidem
1011 1165 1203 1217 dicitur
1229 1166 1664 1233 quotiescumque
1691 1163 1770 1216 sol
1794 1182 1891 1216 nu-

134 1257 174 1288 15
195 1237 353 1289 bibus
391 1241 484 1288 aut
522 1236 649 1288 luna
684 1235 1048 1304 ferruginibus
1089 1252 1420 1303 quacumque
1459 1233 1564 1286 diei
1599 1237 1693 1287 aut
1716 1235 1891 1287 noctis

196 1307 330 1360 hora
385 1308 692 1375 obtegatur,
753 1309 805 1358 et
860 1305 960 1357 hoc
1015 1310 1263 1357 neutrum
1319 1307 1379 1357 ut
1429 1321 1610 1372 uesper
1662 1306 1892 1372 uesperis

194 1395 377 1445 uesper
412 1393 634 1444 uespere.
697 1379 752 1428 at
787 1376 1121 1428 nominatiuo
1158 1392 1366 1443 uespere
1402 1378 1622 1428 uocatur
1657 1375 1723 1428 ab
1758 1376 1892 1428 hora

195 1465 341 1500 nona
387 1448 495 1500 sole
542 1447 827 1499 discessum
864 1446 1177 1514 incohante3
1228 1446 1319 1498 sed
1357 1445 1459 1498 hoc
1495 1463 1694 1499 nomen
1732 1445 1891 1499 decli-

196 1519 474 1570 nationem
511 1517 714 1569 nullam
753 1517 930 1569 habet.
992 1534 1263 1584 uesperum
1301 1519 1479 1568 autem
1517 1519 1598 1569 est
1635 1534 1754 1569 cum
1780 1516 1891 1569 sole

132 1604 175 1635 20
198 1588 471 1641 occidente
520 1588 631 1640 dies
682 1587 881 1653 deficit,
933 1590 987 1640 et
1025 1588 1101 1640 sic
1140 1587 1435 1639 declinatur
1471 1604 1746 1656 uesperum
1780 1604 1892 1640 ues-

193 1661 309 1727 peri
344 1675 556 1727 uespero
594 1675 866 1726 uesperum
902 1674 1130 1725 uespera.
1192 1675 1412 1725 uespera
1451 1661 1531 1710 est
1542 1699 1556 1726 ,
1598 1675 1718 1710 cum
1757 1657 1890 1710 lucis

197 1730 402 1782 oriente
452 1746 645 1781 aurora
691 1746 800 1781 nox
842 1729 1085 1781 finiatur:
1135 1729 1332 1780 etenim
1382 1728 1520 1781 sicut
1566 1728 1677 1780 dies
1716 1728 1890 1780 noctis

196 1818 442 1852 successu
488 1816 785 1867 uesperum,
845 1799 921 1851 sic
969 1802 1022 1851 et
1069 1817 1177 1851 nox
1226 1798 1330 1851 diei
1379 1802 1567 1851 exortu
1613 1816 1890 1867 uesperam

195 1871 382 1937 habet,
447 1872 499 1922 et
556 1871 634 1922 sic
692 1869 991 1922 declinatur
1047 1887 1266 1937 uespera
1321 1886 1567 1937 uesperae
1618 1886 1891 1937 uesperam

312 2029 378 2066 12.
413 2023 595 2081 Quaest.
615 2036 804 2079 yramm.
826 2023 920 2066 cod.
942 2024 1085 2069 Beroz.
1107 2026 1194 2067 123
1208 2037 1255 2078 p.
1277 2026 1384 2070 178,
1414 2026 1475 2067 24
1495 2023 1686 2078 (Aneed.
1715 2022 1888 2077 Helv.):

196 2079 423 2136 Virgilius
463 2078 619 2123 omnia
654 2080 771 2143 haec
803 2079 1091 2123 demonstrat
1109 2078 1306 2142 ‘dicensff
1353 2079 1436 2122 Est
1465 2079 1607 2122 etiam
1639 2092 1805 2144 vesper
1838 2103 1890 2110 ——

196 2149 416 2236 {3332
430 2135 965 2255 ‘'3552533212222513&
981 2134 1208 2254 32&ssss
1211 2137 1358 2238 ⁶12¹}ssss
1374 2135 1805 2234 ὴὲῗοηοωῑξέξίξῖἒ
1836 2216 1890 2222 -

198 2249 472 2292 descensum
509 2248 759 2291 inchoante
800 2249 850 2292 et
878 2248 967 2292 hoc
997 2247 1310 2291 declinatione
1342 2248 1482 2291 caret.
1541 2261 1788 2303 vesperum
1820 2248 1891 2291 est

199 2304 311 2347 dum
341 2329 395 2336 -
426 2317 620 2359 vespero
652 2305 701 2348 ct
728 2303 924 2360 reliqua.
973 2317 1173 2360 vespera
1203 2307 1275 2347 est
1304 2332 1358 2338 —
1387 2304 1547 2346 finitur
1577 2306 1624 2346 et
1654 2303 1717 2346 sic
1750 2303 1888 2346 decli-

197 2365 334 2404 natur
362 2373 562 2416 vespera
591 2373 816 2415 vesperae
849 2374 1072 2416 vesperae
1105 2361 1154 2403 et
1182 2359 1379 2416 reliqua.
1437 2360 1511 2404 hic
1542 2359 1664 2403 locus
1700 2359 1891 2416 Viryilii

197 2417 378 2460 nomine
408 2417 568 2460 omisso
600 2417 767 2473 leqitur
796 2417 849 2460 in
871 2418 1029 2471 prima
1050 2417 1148 2462 cod.
1169 2416 1310 2461 Bern.
1333 2419 1426 2461 ,286
1437 2416 1619 2472 payi‘na
1638 2429 1672 2460 s.
1697 2416 1749 2459 X
1768 2419 1890 2471 (teste

197 2473 434 2529 Hayeno):
481 2472 719 2529 obtegitur
752 2499 803 2505 —
835 2487 941 2517 cum
972 2474 1067 2517 sole
1099 2498 1152 2504 —
1184 2486 1352 2517 aurora
1388 2474 1678 2516 monstratur
1714 2472 1889 2516 etenim

198 2529 319 2572 sicut
348 2529 447 2573 dies
478 2542 740 2573 successum
771 2530 923 2574 noctis
952 2543 1199 2586 vesperum
1229 2529 1375 2573 habet
1404 2529 1468 2572 sic
1490 2553 1541 2560 ——
1563 2528 1707 2572 habet
1739 2530 1787 2572 et
1817 2530 1888 2572 est

198 2585 377 2640 primae
409 2585 730 2630 declinationis
762 2590 842 2630 etc.

310 2729 337 2767 6
366 2724 569 2779 rattione
600 2724 656 2768 N
682 2726 697 2781 ΙΙ
727 2731 751 2770 9
782 2739 988 2781 perenne
1019 2724 1076 2768 N
1100 2738 1212 2769 corr.
1244 2725 1350 2769 Mai
1371 2726 1386 2780 ΙΙ
1410 2731 1459 2767 11
1494 2724 1652 2768 addite
1684 2723 1888 2780 gratula-

198 2780 375 2824 tionem
405 2781 460 2824 N
483 2794 595 2825 corr.
616 2782 759 2838 Μαίη
785 2787 834 2825 12
866 2783 1062 2837 vespera
1091 2781 1147 2826 N
1161 2784 1176 2837 ΙΙ
1203 2788 1251 2826 16
1283 2781 1533 2837 obtegatur
1565 2783 1610 2837 (a
1630 2783 1762 2834 corr.)
1795 2779 1884 2836 Nl!

201 2868 254 2908 18
284 2863 546 2922 discessfisfs
574 2839 841 2910 inchoante
872 2865 920 2921 <h
951 2866 1080 2920 eras.)
1113 2865 1169 2909 N
1183 2868 1198 2921 ΙΙ
1224 2871 1273 2909 19
1307 2865 1376 2910 sol
1406 2864 1463 2909 N
1476 2866 1491 2920 ΙΙ
1514 2869 1566 2908 ‘23
1598 2865 1758 2908 exorto
1787 2863 1851 2910 N.
