1980 3134
679 97 782 142 vn.
829 96 909 142 DE
942 96 1158 143 UERBO.
1699 100 1768 154 65

73 225 221 277 uelut
246 225 517 293 praesenti
543 225 842 293 proximum
870 224 938 276 ob
965 224 1065 277 hoc
1093 224 1301 290 dicitur,
1319 226 1457 305 'quia
1481 243 1591 277 non
1622 229 1766 279 certo

74 295 162 348 uel
189 295 435 348 condicto
461 294 546 347 die
570 298 878 363 temporeue
905 294 996 346 sed
1021 295 1171 363 quasi
1190 295 1388 364 passim
1409 299 1463 348 et
1481 296 1767 365 aliquantis

72 366 224 418 horis
263 368 440 418 actum
477 365 565 417 uel
590 364 790 417 dictum
816 365 1162 432 significatur.
1213 366 1563 434 praeteritum
1590 371 1767 419 autem

71 435 370 505 perfectum
407 435 603 488 certius
641 453 703 488 ac
738 435 1008 487 definitius
1034 435 1236 488 factum
1271 453 1383 488 esse
1409 439 1764 506 monstratur3

70 506 353 575 plusquam
390 505 587 558 idcirco
624 506 699 558 sic
738 505 947 570 dicitur,
987 506 1111 574 quia
1147 506 1361 575 longius
1402 509 1455 559 et
1479 507 1766 575 perfectius
1810 522 1832 554 5

72 576 370 629 ostenditur
406 576 681 644 inpletum
747 576 976 644 quodam
1014 593 1143 644 ergo
1182 577 1580 630 ascendentium
1617 595 1766 630 more

72 647 136 699 de
173 646 516 699 inferioribus
540 646 607 698 ad
634 647 907 714 superiora
938 645 1038 698 hoc
1077 649 1156 699 est
1193 648 1256 699 de
1293 647 1511 700 incertis
1551 648 1617 700 ad
1657 666 1766 700 cer-

69 717 207 770 tiora
242 718 598 785 peruenimus.
650 720 858 769 ueteres
896 717 1057 768 etiam
1094 717 1332 769 futurum
1370 723 1580 786 tempus
1619 718 1767 772 uelut

68 787 127 840 in
163 787 292 840 duas
330 787 586 856 quasdam
623 790 800 855 partes
840 786 1149 839 diuidebant
1186 791 1246 840 ut
1278 789 1460 841 uidebo
1488 791 1541 840 et
1564 790 1762 853 uidem,

70 857 221 925 quasi
258 857 392 910 aliut
428 858 499 910 sit
535 857 673 926 quod
711 857 945 910 crastino
986 862 1038 908 et
1080 858 1260 926 quod
1247 876 1303 909 1n
1330 859 1494 927 longo
1519 861 1762 927 tempore
1787 875 1827 907 10

68 929 140 981 sit
178 931 507 981 euenturum.
557 927 698 980 unde
737 931 790 980 et
826 945 857 979 a
893 927 1159 1007 plerisque
1196 946 1292 996 pro
1328 927 1508 980 futuro
1535 930 1763 982 secundo

67 1001 307 1067 tempore
354 999 728 1067 promissiuum
777 997 994 1050 modum
1039 1016 1096 1049 m
1134 1016 1262 1050 ussu
1300 998 1587 1051 habebant.
1663 1016 1761 1052 nos

68 1072 246 1121 autem
282 1087 382 1122 nec
417 1069 660 1122 futurum
697 1069 988 1121 secundum
1024 1071 1233 1137 tempus
1258 1086 1358 1120 nec
1383 1070 1762 1137 promissiuum

66 1133 282 1191 modum
308 1140 625 1208 recipientes
653 1142 705 1191 et
730 1138 870 1208 quod
894 1156 1061 1207 prope
1088 1144 1143 1191 et
1169 1139 1311 1207 quod
1337 1139 1495 1208 longe
1520 1139 1762 1192 futurum

67 1213 174 1274 est,
203 1210 301 1262 sub
335 1213 492 1263 unius
520 1210 691 1262 futuri
715 1210 972 1277 temporis
999 1210 1391 1279 significatione
1419 1210 1762 1263 declinamus
1787 1226 1828 1258 15

68 1279 225 1333 multi
273 1281 432 1333 etiam
478 1285 690 1349 tempus
727 1280 969 1332 futurum
1007 1280 1236 1333 obtatiui
1273 1279 1416 1332 modi
1454 1281 1511 1332 in
1549 1281 1764 1333 modum

66 1350 442 1419 imperatiuum
488 1355 729 1420 tempore
775 1350 958 1403 futuro
1004 1351 1178 1419 prima
1222 1350 1502 1403 dumtaxat
1536 1369 1766 1419 persona

66 1423 275 1474 uertere
312 1422 565 1474 nituntur
601 1425 662 1474 ut
700 1422 947 1489 audiam,
995 1439 1106 1474 non
1144 1424 1402 1489 ponentes
1442 1439 1575 1490 quae
1614 1421 1764 1474 obta-

66 1492 240 1545 tiuum
288 1492 506 1544 modum
556 1491 863 1562 significent
909 1491 962 1543 id
1010 1495 1091 1544 est
1135 1495 1195 1545 ut
1239 1493 1450 1545 utinam
1496 1509 1562 1545 ne
1609 1493 1766 1545 donee

66 1578 330 1629 usquequo
376 1564 667 1629 usquedum
716 1562 1065 1629 quoadusque.
1139 1565 1265 1614 sunt
1301 1562 1467 1614 uerba
1506 1579 1639 1630 quae
1678 1562 1763 1614 de·
1786 1577 1829 1611 20

65 1632 220 1685 ficere
260 1650 354 1701 per
389 1636 630 1701 tempora
664 1632 730 1685 ab
756 1632 1019 1700 imperitis
1045 1634 1331 1701 putantur,
1372 1650 1433 1684 eo
1471 1633 1611 1700 quod
1647 1632 1765 1685 lite-

67 1720 246 1755 rarum
286 1704 667 1772 consequentia
702 1702 761 1754 in
798 1703 873 1754 eis
910 1719 1022 1755 non
1047 1703 1259 1755 uidetur
1284 1702 1493 1754 ostendi
1521 1705 1582 1754 ut
1605 1704 1765 1769 offero

66 1775 121 1825 et
167 1774 456 1842 praeterito
501 1777 743 1842 tempore
793 1773 1007 1825 motatis
1055 1773 1276 1842 syllabis
1313 1773 1500 1839 obtuli,
1551 1790 1764 1825 necnon

26 1893 40 1902 ,
64 1844 122 1895 in
159 1845 369 1912 passiuo
406 1845 571 1897 uerbo
610 1848 849 1911 tempore
876 1844 1164 1912 praeterito
1195 1844 1399 1897 oblatus
1423 1859 1555 1895 sum.
1619 1842 1760 1912 quod

65 1932 133 1966 ne
170 1914 310 1967 forte
347 1915 579 1978 mireriS,
629 1914 800 1966 dicam
839 1914 959 1978 tibi,
1005 1914 1146 1983 quod
1185 1931 1308 1982 sepe
1348 1912 1567 1980 accidit,
1607 1918 1666 1964 ut
1704 1916 1758 1965 et
1781 1932 1823 1965 25

64 1985 285 2037 nomina
332 1987 385 2037 et
432 1985 750 2054 pronomina
787 1984 1061 2037 literarum
1098 1984 1338 2036 ordinem
1377 2001 1488 2036 non
1526 1987 1756 2050 seruent,

65 2072 187 2107 cum
232 2059 414 2108 tamen
460 2055 738 2108 intellectu
785 2055 968 2108 eadem
1014 2072 1127 2107 esse
1175 2058 1463 2108 noscantur
1499 2057 1559 2106 ut
1597 2054 1763 2107 bonus

65 2126 248 2179 melior
272 2127 517 2191 obtimum,
556 2127 729 2179 malus
744 2127 897 2193 peior
913 2127 1175 2193 pessimus
1200 2126 1276 2177 sic
1300 2141 1439 2178 unus
1467 2127 1521 2176 et
1544 2124 1758 2191 siuyuli.

67 2196 251 2249 eodem
287 2197 446 2250 modo
484 2199 538 2249 et
572 2196 676 2248 alia
708 2195 1013 2249 huiusmodi
1040 2196 1202 2248 uerba
1230 2198 1388 2248 erunt
1414 2197 1472 2246 ut
1498 2194 1761 2260 transfero

178 2398 203 2436 2
227 2396 333 2448 post
362 2393 577 2437 condicto
605 2405 696 2436 ras.
729 2395 845 2437 5-6
875 2391 962 2439 litt
985 2392 1037 2435 iu
1056 2391 1112 2436 N
1127 2393 1142 2446 11
1166 2392 1242 2447 ue]
1269 2402 1348 2435 u*e
1370 2389 1424 2434 N
1441 2391 1456 2446 11
1478 2394 1653 2446 passu}
1670 2389 1760 2446 ΝΗ

66 2482 92 2521 3
122 2453 368 2532 significat
387 2477 460 2533 (Μ
479 2479 612 2528 eras.)
642 2474 699 2519 N
712 2477 728 2532 11
751 2481 777 2520 4
805 2475 1032 2519 difinitius
1061 2475 1193 2531 ΡΝΙ
1182 2477 1310 2575 &Sp
1278 2475 1417 2529 plusq
1419 2486 1528 2516 uam
1560 2475 1642 2516 aut
1671 2472 1726 2516 N
1739 2474 1760 2531 11

67 2537 144 2577 8-
157 2538 209 2576 14
237 2534 471 2576 veteres-
428 2531 805 2597 -recipientes8z
834 2545 916 2575 om.
950 2530 1036 2587 ΝΙΙ
1061 2537 1108 2574 11
1145 2536 1173 2572 a
1249 2531 1313 2580 P;
1346 2530 1453 2583 fort.
1487 2528 1631 2572 etiam
1661 2529 1765 2585 ple-

67 2589 202 2645 rique
225 2589 241 2645 11
267 2594 316 2632 12
348 2588 537 2632 modum
566 2589 785 2632 iteratum
813 2588 859 2631 P
888 2589 904 2643 11
936 2593 986 2632 15
1017 2532 1124 2644 sub]
1158 2587 1240 2631 sed
1269 2587 1342 2641 ΡΙ
1335 2587 1351 2642 11
1376 2591 1478 2629 16-
1486 2590 1541 2629 20
1570 2585 1763 2628 multi—

69 2645 372 2701 quoadusque
411 2657 496 2688 om.
528 2643 584 2688 N
607 2645 622 2700 ΙΙ
653 2650 706 2689 20
746 2643 933 2688 dificere
975 2643 1012 2710 V
1038 2644 1054 2700 11
1083 2650 1131 2687 21
1173 2643 1365 2699 imperis
1394 2642 1439 2685 P
1467 2642 1482 2697 11
1512 2646 1619 2685 21-
1625 2647 1678 2686 25
1709 2654 1764 2686 eo

100 2728 432 2773 uod-mireris
461 2740 545 2772 om.
575 2726 626 2772 N
655 2727 672 2784 11
700 2733 753 2772 22
786 2711 1025 2780 ostendere
1054 2729 1100 2773 P
1128 2728 1144 2783 ΙΙ
1173 2732 1227 2772 23
1266 2725 1458 2769 mutatis
1503 2723 1544 2767 V
1569 2725 1586 2781 11
1615 2724 1767 2782 optuli

142 2787 158 2840 11
187 2790 241 2829 25
279 2786 410 2842 sepe]
443 2798 491 2828 se
526 2784 678 2841 ’171126
709 2785 868 2829 ordine
899 2776 1061 2841 Ν1127
1091 2784 1344 2827 nuscantur
1381 2781 1446 2837 V}
1478 2785 1531 2825 28
1562 2782 1766 2837 optimus

74 2841 169 2885 VN
183 2843 199 2897 11
221 2847 274 2885 29
298 2845 403 2897 post
435 2842 571 2885 erunt
599 2842 800 2896 spatium
824 2841 892 2896 pl.
924 2841 1011 2886 litt.
1042 2841 1089 2885 P
1109 2842 1125 2896 ΙΙ
1146 2840 1337 2883 huiusce
1376 2837 1417 2882 V

153 2918 223 2951 Vir
205 2919 280 2959 rgil
305 2919 362 2952 e.d
386 2914 1422 2953 Hueme1z5
