1980 3134
686 89 744 134 II.
793 89 872 133 DE
902 88 1831 146 PRONOMINE.129

138 233 281 268 cere:
309 218 364 267 et
389 215 692 268 econtrario
719 233 852 284 quae
879 217 1133 284 praeponi
1153 220 1480 285 oportuerat,
1509 218 1829 288 inlegittime

134 288 535 354 postponuntur
580 286 871 337 secundum
911 286 1288 339 Gallienum
1337 287 1393 339 in
1443 288 1669 356 quadam
1719 291 1829 357 epi-

137 356 275 408 stola
314 357 664 409 scribentem:
715 357 850 410 sciat
884 357 968 409 hic
1004 359 1061 410 in
1098 373 1202 411 sese
1236 359 1582 411 uindicatum.
1649 358 1830 411 debuit

135 426 280 478 enim
318 426 492 478 dicere
528 426 613 479 hic
647 427 792 479 sciat.
855 425 1101 479 Rectium
1128 445 1337 496 quoque
1361 429 1676 496 prauissime
1703 430 1826 481 scri-

134 496 267 548 bens
304 497 382 549 ita
419 496 607 548 affatus
646 499 751 548 est:
789 498 837 549 is
873 502 991 550 erat
1022 499 1112 550 uir
1147 499 1303 551 ualde
1340 499 1503 552 bonus
1529 503 1575 551 et
1599 501 1828 553 maxime
1870 517 1890 549 ⁵

125 568 376 634 prudens
441 566 676 634 oportuit
724 584 869 634 eum,
916 568 958 619 si
1009 568 1212 620 cerebri
1251 568 1332 620 sui
1372 586 1586 650 compos
1623 569 1826 634 fuisset,

133 637 210 689 ita
253 654 553 705 conponere
596 640 710 690 erat
744 638 790 690 is
834 638 990 690 ualde
1028 639 1190 691 bonus
1225 640 1330 691 uir.
1398 639 1501 691 hoc
1538 640 1595 691 in
1630 657 1826 719 prono-

133 707 368 759 minibus
417 707 616 771 fecere,
676 708 816 774 quod
876 708 1034 759 etiam
1081 709 1134 760 in
1187 709 1508 776 copulatiuis
1561 710 1827 762 contrario

133 776 290 828 modo
336 794 460 846 sepe
504 778 809 846 posuerint,
864 795 1087 845 quorum
1137 778 1378 831 ordinem
1427 783 1826 847 corrumpentes

133 863 231 914 que
278 847 639 916 copulatiuam
689 848 1123 900 coniunctionem
1162 852 1519 917 proponentes
1557 854 1605 903 et
1640 851 1824 902 ordine
1850 868 1890 900 ιο

130 918 556 986 postposuerint:
623 918 762 971 sicut
817 918 1032 987 quidam
1088 919 1319 971 Gallus
1374 923 1555 971 noster
1611 920 1823 988 quidem

136 988 430 1040 babtizatus
481 991 669 1041 contra
704 991 893 1058 gentes
932 1005 1096 1058 agens
1134 991 1363 1042 adorant
1398 990 1582 1058 inquid
1622 992 1825 1056 quidem

131 1059 384 1125 sole-mque
432 1059 638 1126 lunam,
689 1076 807 1111 cum
856 1059 1127 1111 debuisset
1171 1060 1345 1111 dicere
1394 1061 1626 1113 adorant
1668 1061 1826 1113 solem

133 1129 431 1196 lunamque.
491 1129 885 1182 Terrentius
923 1146 1132 1198 quoque
1159 1129 1499 1182 Terrentii
1536 1131 1676 1182 filius
1704 1148 1825 1182 con-

132 1199 297 1251 traria
322 1200 439 1251 uice
464 1199 643 1268 posuit
666 1201 779 1252 uiri
802 1200 1044 1253 mulieres
1067 1204 1129 1266 et,
1169 1200 1351 1253 debuit
1377 1200 1518 1252 enim
1545 1200 1825 1252 manifeste
1849 1218 1892 1250 15

131 1268 304 1321 dicere
341 1270 451 1322 uiri
487 1274 535 1323 et
568 1270 822 1323 muliere-3.

274 1339 446 1392 Multa
482 1340 643 1392 habui
683 1339 988 1392 huiusmodi
1015 1357 1149 1408 quae
1176 1340 1431 1392 disserere
1458 1340 1682 1420 possim,
1720 1340 1825 1392 nisi

132 1410 258 1478 quia
294 1410 614 1491 perlongum
654 1413 734 1462 est
772 1410 952 1462 omnia
978 1411 1314 1476 perscrutari.
1379 1410 1680 1463 sicutenim
1707 1411 1824 1478 quis

131 1480 401 1532 uiatorum
445 1481 536 1533 uia
581 1481 859 1561 proposita
894 1480 1166 1550 gradienS,
1218 1481 1263 1532 si
1301 1480 1406 1533 alia
1443 1481 1630 1532 semita
1668 1479 1826 1532 decli·

131 1568 260 1602 nare
297 1551 558 1617 uoluerit,
599 1553 656 1603 in
682 1569 791 1603 non
818 1569 1012 1620 paruas
1037 1551 1245 1603 itineris
1272 1551 1352 1603 sui
1377 1551 1604 1603 incurrit
1632 1568 1822 1614 moraS‚
1848 1569 1890 1600 20

129 1621 416 1689 praecipue
454 1622 499 1674 si
535 1622 791 1674 festinare
828 1622 1191 1690 proposuerit,
1231 1622 1307 1673 ita
1345 1624 1399 1672 et
1435 1621 1526 1690 qui
1560 1593 1824 1673 scribendi

130 1691 307 1744 officio
358 1710 412 1743 se
458 1692 682 1758 dedunt,
732 1692 779 1744 si
825 1692 999 1760 operis
1047 1692 1248 1760 arrepti
1294 1692 1396 1744 iter
1445 1691 1671 1760 ingressi
1721 1691 1827 1743 alia

130 1762 271 1813 inter
325 1764 525 1831 scripta
578 1766 898 1831 properant,
961 1762 1184 1814 multam
1236 1763 1293 1813 in
1346 1779 1504 1830 opere
1553 1779 1648 1813 suo
1700 1778 1822 1813 con-

129 1832 626 1900 perendinationem
664 1850 881 1885 necesse
918 1831 1196 1885 habebunt
1231 1833 1465 1884 incidere
1504 1832 1560 1883 in
1596 1834 1820 1894 tantum,

129 1905 187 1954 ut
240 1903 424 1956 multis
480 1903 944 1956 interiectionibus
998 1902 1270 1971 occupati,
1337 1920 1494 1971 quam
1551 1902 1824 1969 potissime
1847 1919 1888 1951 25

129 1973 271 2024 uiam
321 1974 659 2042 gradiantur,
709 1992 739 2026 a
784 1973 1057 2026 nonnullis
1095 1973 1319 2041 incipiat
1354 1973 1609 2042 ignorari
1685 1973 1823 2024 unde

131 2046 184 2095 et
218 2044 504 2097 lectoribus
530 2044 713 2096 multis
739 2045 889 2096 nasci
915 2044 1123 2096 uideam
1149 2043 1452 2111 fastidium,
1493 2043 1616 2095 dum
1643 2042 1822 2110 longis

130 2113 395 2166 scribendi
443 2115 753 2168 circuitibus
798 2114 1015 2184 fatigati
1067 2114 1207 2183 cepti
1245 2131 1431 2166 sensus
1469 2114 1571 2165 iter
1607 2111 1821 2164 tandem

129 2184 427 2238 inueniant.
488 2186 783 2238 rectissime
822 2185 1019 2237 etenim
1057 2185 1250 2253 pedum
1288 2185 1504 2236 nomine
1543 2182 1821 2236 hominum

130 2255 295 2306 animi
315 2258 590 2324 uocantur,
618 2256 709 2323 qui
734 2274 828 2323 per
847 2273 1064 2323 campos
1085 2255 1487 2307 meditationum
1511 2252 1888 2321 sapientiae,3o

129 2324 291 2376 siluas
330 2343 536 2394 quoque
577 2325 1012 2378 difficillimarum
1052 2325 1421 2394 quaestionum
1455 2324 1557 2375 iter
1582 2325 1820 2391 agentes,

128 2394 472 2447 festinatione
510 2413 717 2464 semper
754 2395 1086 2447 inmoderata
1123 2395 1179 2446 in
1217 2398 1428 2446 tantum
1466 2397 1524 2445 ut
1557 2393 1823 2444 lasescant

130 2465 212 2516 die
238 2469 505 2534 noctuque
531 2468 755 2517 utuntur
781 2468 934 2517 tanto
962 2465 1220 2517 desiderio
1249 2464 1481 2531 accensi,
1509 2466 1569 2515 ut
1593 2481 1820 2526 sensum,

129 2536 218 2603 qui
259 2535 391 2587 latet
426 2536 512 2588 uel
551 2536 641 2604 qui
679 2535 947 2603 differtur,
988 2535 1095 2587 cito
1133 2535 1375 2586 inuenire
1413 2534 1730 2587 desiderant.

244 2694 266 2733 7
307 2690 373 2733 eis
410 2690 466 2733 N
489 2691 504 2745 11
534 2694 558 2733 9
590 2703 787 2745 quarum
825 2689 881 2732 N
904 2689 920 2745 11
951 2694 1004 2733 10
1045 2702 1164 2744 quae
1195 2689 1250 2731 N
1273 2690 1288 2744 11
1316 2701 1401 2744 pro
1441 2688 1648 2743 onentes]
1635 2688 1821 2743 Jprae-

126 2747 352 2801 ponentes
382 2747 489 2790 Mai
510 2747 525 2802 11
550 2704 620 2788 llql
632 2745 878 2802 pposuerit
906 2745 962 2789 N
977 2746 992 2802 11
1020 2750 1068 2789 19
1101 2744 1325 2788 declinari
1426 2745 1515 2800 11122
1548 2743 1698 2787 offitio
1728 2743 1783 2788 N
1799 2745 1818 2799 1

126 2835 179 2874 27
210 2830 349 2874 multi
379 2830 455 2874 N
447 2832 474 2886 11
505 2835 557 2875 28
588 2830 733 2874 tande
765 2830 820 2873 N
845 2830 938 2885 1134
969 2802 1182 2872 differtur
1212 2829 1275 2872 N.

212 2909 340 2948 virgil
366 2909 421 2942 ed.
446 2910 623 2941 Huemer.
1458 2904 1482 2942 9
