1980 3134
148 137 207 182 VI
787 134 1147 180 PRAEFATIO.

143 307 198 346 u,
247 307 279 339 a
317 292 367 339 et
403 306 438 339 u
482 290 784 353 permutatio
827 289 878 337 in
917 289 1182 339 verborum
1228 289 1433 353 syllabis
1472 289 1739 352 primitivis
1779 292 1832 339 et

143 365 334 413 ultimis
375 365 628 413 sollemnis
675 368 772 423 est,
820 362 949 411 unde
989 379 1116 425 quae
1154 363 1291 412 nasci
1329 363 1551 425 potuerit
1589 365 1641 411 et
1679 379 1828 426 saepe

143 441 264 487 nata
303 439 370 486 sit
400 439 622 487 confusio
654 438 802 486 facile
832 437 1114 500 intellegas.
1188 438 1220 485 k
1249 437 1394 486 modo
1428 437 1643 497 additur,
1680 438 1827 486 modo

145 512 410 562 omittitur.
466 513 819 574 permutantur
849 511 1003 559 etiam
1033 514 1357 560 consonantes
1390 527 1425 559 u
1455 514 1507 560 et
1538 513 1584 567 b,
1615 513 1647 571 f
1670 513 1721 559 et
1743 512 1832 571 ph,

144 588 176 646 f
206 590 256 634 et
285 602 341 646 p,
371 602 410 646 p
451 589 502 634 et
540 588 582 640 b,
623 587 655 634 d
693 587 744 634 et
782 589 814 641 t,
855 586 872 633 l
911 587 962 634 et
998 600 1041 641 r,
1079 601 1108 634 r
1147 587 1198 634 et
1236 601 1275 641 s,
1313 601 1342 633 r
1373 588 1425 633 et
1454 600 1488 632 n
1519 586 1661 648 aliae,
1703 600 1831 648 quae

142 659 572 722 permutationum
595 674 792 721 genera,
825 674 938 707 cum
962 659 1025 707 ad
1051 659 1512 721 pronuntiationem
1542 659 1679 707 illius
1703 662 1828 707 tem-

142 734 278 795 poris
316 734 579 796 vulgarem
616 733 1008 796 cognoscendam
1046 733 1263 781 multum
1300 733 1523 794 valeant,
1572 749 1631 781 ex
1679 733 1831 781 adno-

143 807 334 855 tatione
373 808 546 856 critica
589 823 690 856 non
737 807 933 856 seclusi.
1011 807 1187 869 Neque
1229 807 1394 854 minus
1443 806 1507 855 ad
1552 822 1832 855 sermonem

143 881 406 943 vulgarem
445 882 640 944 attinet,
680 881 812 943 quod
850 896 914 936 m,
946 896 984 936 s,
1018 885 1036 929 t
1072 882 1272 929 litterae
1304 881 1478 929 finales
1510 881 1563 928 in
1593 880 1691 929 fine
1721 896 1832 930 ver-

143 955 322 1003 borum
359 956 506 1004 modo
545 955 798 1002 adduntur
829 954 1093 1017 superflue,
1124 955 1270 1004 modo
1303 954 1617 1003 omittuntur.
1674 953 1833 1016 Scrip-

144 1031 291 1078 turae
348 1029 623 1092 conpendia
668 1044 777 1076 cum
822 1028 1058 1077 librarius
1103 1044 1204 1077 non
1248 1028 1580 1077 intellexisset
1629 1030 1721 1089 14,
1764 1030 1833 1076 24

145 1107 241 1151 tent
284 1118 375 1164 pro
422 1107 578 1151 tenent
623 1105 708 1165 32,
750 1105 779 1152 9
824 1117 942 1163 ye‘nc
985 1119 1076 1165 pro
1118 1117 1290 1164 yenere
1331 1104 1432 1165 28,
1475 1106 1504 1151 ’7
1554 1106 1698 1163 supta
1743 1118 1834 1166 pro

144 1181 339 1237 sumpta
370 1177 468 1225 alia
499 1178 550 1224 id
573 1192 732 1238 genus
758 1176 971 1239 scripsit,
994 1177 1261 1226 verborum
1280 1176 1621 1226 distinctiones
1639 1179 1837 1238 pertur-

144 1251 286 1300 bavit
316 1251 437 1299 locis
469 1251 734 1313 permultis
764 1253 824 1299 ut
848 1252 1021 1313 43,12
1052 1265 1165 1299 acre
1187 1254 1310 1299 ten-et
1335 1252 1504 1314 18,13
1532 1252 1653 1299 muli
1676 1251 1836 1299 {autor

144 1338 285 1373 nores
316 1326 431 1385 loyii
466 1339 639 1373 necare
667 1340 786 1374 nam
815 1326 946 1373 cessi.
1003 1324 1217 1387 denique
1249 1324 1412 1387 spatia
1448 1324 1581 1373 inter
1612 1325 1834 1386 syllabas

145 1398 288 1447 verbi
320 1398 542 1447 eiusdem
575 1398 824 1447 exstantia
856 1393 941 1464 (cf.
972 1401 1084 1459 sapi
1115 1400 1244 1447 entia
1276 1400 1361 1459 23,
1398 1400 1427 1447 3
1461 1400 1574 1447 inde
1603 1400 1837 1447 dicionem

146 1475 232 1534 27,
259 1466 354 1538 22)
388 1472 504 1520 inde
544 1473 791 1534 explicare
822 1473 952 1535 licet,
994 1473 1126 1534 quod
1156 1472 1392 1520 librarius
1423 1474 1601 1534 utpote
1631 1472 1835 1535 linguae

145 1537 332 1595 latinae
362 1562 463 1594 non
494 1547 615 1595 satis
648 1562 835 1609 gnarus
868 1546 928 1594 de
960 1547 1274 1595 conectendis
1306 1546 1709 1609 disiungendisve
1741 1548 1837 1610 syl-

145 1620 275 1669 labis
312 1620 365 1667 in
404 1620 675 1682 exemplari
712 1620 809 1668 fine
848 1636 1082 1669 versuum
1121 1620 1373 1669 distractis
1413 1620 1589 1669 anxius
1630 1622 1753 1669 erat.

86 1700 131 1744 N
297 1692 464 1742 Codex
503 1694 1081 1757 Neapolitanusnr.
1120 1694 1195 1742 IV
1229 1694 1272 1742 A
1315 1696 1385 1743 34
1430 1694 1835 1743 membranaceus

145 1768 198 1815 in
236 1761 294 1816 4⁰
331 1768 567 1816 foliorum
610 1770 731 1830 289,
771 1784 981 1831 quorum
1020 1783 1136 1830 pars
1176 1769 1314 1830 prior
1356 1762 1413 1833 (f.
1457 1761 1660 1834 1—91)
1703 1783 1740 1818 s.
1765 1767 1838 1816 IX

149 1835 229 1908 (ut
259 1842 571 1891 Bethmanno
612 1843 774 1890 obiter
811 1841 1097 1903 inspicienti
1125 1842 1289 1890 visum
1329 1834 1430 1908 est)
1469 1841 1551 1891 vel
1581 1842 1626 1889 X
1666 1837 1747 1904 (ut
1773 1842 1829 1891 Gr.

146 1915 424 1978 MeynckiO,
450 1916 529 1964 cui
555 1916 900 1978 apographum
924 1908 1116 1982 debeo),
1143 1916 1391 1978 posterior
1407 1930 1525 1966 vero
1549 1931 1666 1978 pars
1685 1917 1836 1978 paulo

147 1993 264 2051 post
295 1990 482 2051 scripta
514 1992 604 2038 est.
653 1989 786 2038 Satis
811 1992 1093 2038 accuratam
1118 1989 1297 2038 codicis
1323 1989 1705 2051 descriptionem
1730 1989 1836 2039 Cat.

146 2063 386 2111 Ianellius
425 2064 478 2110 in
510 2064 740 2125 catalogo
772 2063 893 2111 bibl.
925 2064 1013 2111 lat.
1043 2066 1141 2112 vet.
1175 2066 1226 2112 et
1257 2064 1399 2112 class,
1432 2079 1678 2113 manuscr.
1710 2079 1835 2126 quae

147 2137 201 2184 in
238 2137 378 2199 regio
418 2137 750 2199 Neapolitano
798 2153 970 2185 museo
1009 2137 1288 2186 Borbonico
1336 2139 1624 2186 asservatur
1669 2155 1716 2200 p.
1766 2140 1833 2187 26

148 2211 373 2260 confecit.
406 2211 571 2272 Atque
611 2226 729 2273 pars
769 2211 907 2273 prior
944 2211 1034 2258 illa
1072 2210 1479 2273 quaternionibus
1518 2211 1691 2258 I—-XI
1723 2227 1832 2260 con-

147 2285 359 2347 tinetur,
399 2301 511 2333 cum
542 2285 663 2332 haec
694 2285 940 2333 recentior
978 2286 1119 2333 novis
1157 2285 1379 2333 numeris
1419 2285 1603 2333 litteris
1646 2286 1835 2334 scilicet

147 2358 297 2405 A—-I
349 2359 538 2420 pagina
590 2361 728 2407 recta
782 2353 839 2422 (f.
891 2351 1171 2425 92—167)
1226 2359 1405 2407 ceteris
1458 2360 1646 2421 pagina
1690 2375 1837 2408 versa

150 2425 206 2498 (f.
237 2425 552 2499 168—289)
587 2432 786 2494 scriptis
817 2432 1060 2495 insignita
1090 2434 1169 2481 sit.
1231 2433 1339 2480 Hae
1357 2433 1527 2483 variae
1558 2433 1835 2495 scripturae

147 2508 318 2568 partes
341 2506 495 2555 variis
525 2506 752 2554 manibus
784 2508 902 2554 sunt
931 2506 1254 2569 perscriptae.
1322 2507 1474 2555 Liber
1506 2507 1626 2555 olim
1650 2508 1835 2555 Romae

148 2579 203 2626 in
241 2579 546 2628 bibliotheca
583 2582 660 2628 dei
687 2581 908 2640 principi
945 2581 1165 2629 Farnese
1202 2583 1489 2629 asservatus
1530 2583 1627 2643 est,
1668 2596 1704 2628 s.
1737 2580 1836 2628 XII

149 2653 323 2701 fratris
362 2653 620 2701 cuiusdam
651 2654 881 2716 Wigradi
919 2654 1075 2703 fuisse
1113 2654 1327 2714 videtur,
1366 2655 1507 2703 cuius
1547 2654 1835 2702 memoriale

152 2742 212 2774 ex
257 2726 377 2774 folio
423 2727 601 2775 ultimo
652 2723 825 2791 (289¹)
871 2727 924 2775 in
970 2728 1386 2777 commentatione
1434 2743 1585 2790 supra
1630 2728 1836 2776 laudata

150 2817 199 2862 p.
230 2801 295 2848 16
324 2799 467 2849 edidi.
529 2801 682 2849 Liber
713 2802 776 2849 ab
806 2801 951 2849 initio
975 2802 1262 2863 mutilatus;
1293 2801 1468 2864 incipit
1493 2801 1624 2850 enim
1647 2802 1834 2850 verbis:

151 2876 312 2935 ‘ipsam
349 2888 452 2922 rem
492 2877 731 2935 exprimat
768 2878 811 2924 et
848 2890 880 2924 a
910 2877 1075 2925 ceteris
1105 2877 1247 2924 rebus
1278 2878 1496 2937 seiunyat
1529 2897 1596 2913 =
1630 2875 1836 2938 Pompei
