1980 3134
779 91 1139 137 PRAEFATIO.
1740 91 1803 136 XI

119 265 331 297 mannus
354 249 593 311 Hagenus
617 248 670 295 in
692 246 822 295 libro
852 246 940 295 illo
979 248 1064 309 qui
1088 246 1378 294 inscribitur
1401 245 1662 295 Anecdota
1684 246 1802 294 Hel-

120 324 301 385 vetica,
344 321 795 371 Grammaticorum
830 319 1103 368 latinorum
1134 323 1254 368 tom.
1284 319 1383 367 VII
1414 337 1462 382 p.
1499 322 1680 369 189—
1698 321 1798 368 201

122 397 215 444 hoc
253 397 426 445 titulo:
474 396 669 456 Viryilii
702 396 1012 455 yrammatici
1052 398 1272 455 excerpta
1300 396 1490 455 partim
1526 395 1719 443 inedita.

269 470 466 527 Quanta
485 467 1039 531 auctoritateVirgilius
1060 468 1416 530 grammaticus
1434 483 1555 517 aevo
1576 467 1802 516 Carolino

118 543 249 606 quod
281 544 488 592 dicimus
529 546 581 592 et
609 546 785 604 postea
814 543 990 604 fuerit,
1030 558 1090 591 ex
1127 542 1568 604 grammaticorum
1604 542 1806 590 illorum

117 620 396 680 temporum
439 617 985 680 praestantissimorum
1023 617 1165 664 libris
1205 616 1425 678 colliges.
1510 614 1806 664 Citaverunt

123 694 291 740 autem
331 695 555 740 nostrum
597 691 758 738 Beda
795 689 1203 752 VenerabiliS,
1250 690 1492 751 Petrus,
1534 688 1802 738 Clemens

120 766 344 827 cogmine
400 765 614 814 Scotus
670 759 834 831 (cuius
881 766 1041 812 artem
1102 764 1481 826 grammaticam
1530 779 1591 811 ex
1637 763 1804 811 codice

122 839 485 901 Bambergensi
529 839 596 887 M.
619 838 681 886 V.
729 839 795 886 18
844 830 1123 904 cognovil),
1172 837 1611 900 Cruindmelus,
1665 852 1802 885 ano-

119 928 334 976 nymus
374 916 548 962 auctor
587 912 710 961 artis
748 912 1013 960 Bernensis
1055 905 1140 977 (cf.
1179 911 1373 974 Hagen.
1404 912 1437 959 1.
1471 927 1509 960 c.
1541 928 1589 973 p.
1624 913 1689 960 62
1726 904 1804 977 s),

121 987 304 1049 quibus
336 987 572 1035 accedent
602 987 817 1036 fortasse
848 986 935 1033 alii
966 986 1149 1034 litteris
1182 986 1292 1034 aevi
1317 984 1535 1034 Carolini
1566 986 1618 1033 in
1641 986 1806 1034 lucem

118 1061 387 1123 productis

268 1134 470 1183 Codices
506 1150 630 1197 quos
661 1133 947 1182 enumeravi
975 1148 1145 1181 omnes
1181 1149 1242 1181 ex
1274 1149 1372 1181 uno
1402 1133 1673 1196 archetypo
1703 1149 1804 1181 ser-

117 1225 262 1257 mone
294 1209 492 1271 vulgari
520 1209 705 1271 scripto
733 1208 935 1256 fluxisse
971 1207 1231 1269 scripturis
1266 1207 1495 1255 similiter
1518 1207 1804 1269 depravatis

117 1282 383 1342 evincitur,

118 1357 179 1407 cf.
216 1374 266 1419 p.
305 1359 354 1419 4,
425 1358 458 1404 4
489 1353 702 1418 parilla]
735 1370 830 1416 per
870 1357 956 1404 illa
993 1357 1047 1404 in
1085 1356 1148 1418 P,
1178 1356 1363 1416 perilld
1403 1355 1474 1418 Ν,

309 1434 359 1492 7,
397 1432 464 1480 13
494 1445 590 1491 per
630 1427 788 1491 ceras]
818 1444 913 1490 per
952 1434 1132 1478 cete-ras
1162 1429 1279 1490 ΡΝ,
1310 1433 1587 1490 preceteras
1624 1429 1692 1493 V,

305 1507 353 1565 9,
425 1507 455 1554 9
495 1501 712 1566 invulae]
752 1505 956 1552 mauzae
993 1503 1052 1564 V,
1091 1505 1253 1552 mulae
1290 1504 1342 1564 P,
1381 1505 1511 1551 mule
1548 1503 1616 1566 Ν,

269 1581 353 1644 1Ο,
426 1580 455 1627 9
495 1579 602 1626 indi
634 1579 764 1627 ‘mam
794 1580 982 1627 assinso
1015 1577 1070 1633 P,
1108 1579 1215 1626 mdc·
1251 1593 1385 1626 mam
1413 1593 1522 1626 mas
1560 1578 1702 1637 sensu
1732 1577 1799 1640 V3

274 1654 358 1713 15,
393 1654 461 1701 10
501 1649 673 1714 duum]
716 1655 855 1700 tuum
892 1652 955 1713 N,
996 1653 1144 1700 triwm
1182 1651 1245 1714 Ρ,

269 1727 352 1787 18,
423 1727 454 1774 8
497 1723 912 1788 Alemandrorum]
941 1726 1198 1774 alexandri
1213 1740 1448 1786 agrorum
1463 1725 1526 1789 N,
1544 1726 1806 1774 alexander

652 1815 889 1861 aynorum
927 1800 989 1863 Ρ,

270 1876 358 1935 21,
392 1876 459 1923 21
501 1874 601 1922 hele
639 1867 782 1941 enim]
828 1875 972 1952 eliam
1010 1873 1066 1934 P,
1106 1874 1244 1922 eloim
1282 1873 1351 1935 Ν,

268 1980 354 2038 27,
426 1979 456 2026 5
489 1975 708 2040 proprii]
734 1957 919 2038 propr}
958 1977 1010 2037 P,
1042 1979 1218 2037 propri
1256 1977 1327 2040 Ν,

267 2054 353 2114 42,
390 2052 458 2100 14
498 2049 727 2114 eandam]
773 2052 939 2101 eadem
976 2051 1095 2114 ΡΝ,

267 2127 355 2189 43,
392 2128 457 2174 12
501 2141 559 2174 ac
595 2122 787 2188 retinet]
828 2140 939 2174 acre
978 2129 1100 2174 tenet
1137 2125 1192 2187 P,
1232 2126 1461 2173 acretinet
1496 2125 1567 2188 Ν,

270 2202 354 2260 71,
391 2201 460 2248 14
498 2214 584 2248 nec
617 2197 774 2261 μεθύω]
815 2214 902 2248 nec
939 2203 1041 2248 estu
1079 2199 1135 2254 P,
1175 2199 1292 2249 Exc.
1331 2199 1486 2247 Nanc.

268 2273 437 2336 Atque
492 2275 820 2337 archetypum
874 2273 1002 2322 illud
1053 2273 1238 2321 litteris
1295 2273 1512 2322 scotticis
1566 2273 1807 2335 scriptum

121 2347 278 2396 fuerit
321 2363 522 2396 necesse
571 2351 669 2408 est,
718 2364 829 2396 cum
868 2363 899 2396 a
939 2350 990 2396 et
1029 2363 1085 2410 u,
1132 2362 1156 2395 c
1195 2348 1246 2395 et
1284 2350 1322 2410 t,
1369 2362 1398 2394 r
1437 2350 1488 2395 et
1525 2362 1571 2410 s,
1617 2362 1642 2396 s
1683 2349 1734 2395 et
1770 2349 1807 2411 f,

243 2489 286 2544 1)
320 2487 530 2531 Eandem
570 2489 719 2531 artem
758 2487 904 2532 codex
934 2486 1215 2543 Reginensis
1257 2492 1371 2531 1442
1413 2500 1446 2531 e.
1480 2486 1544 2531 XI
1584 2486 1806 2543 continet,

124 2547 181 2591 cf.
215 2547 272 2592 H.
298 2546 425 2601 Keil,
458 2546 516 2590 de
548 2545 869 2603 grammaticis
903 2545 1184 2602 quibusdam
1215 2545 1404 2590 infimae
1437 2547 1607 2590 aetatis
1641 2560 1806 2591 comm.

120 2622 165 2664 p.
187 2611 255 2650 11.
287 2606 341 2650 A.
351 2604 503 2650 Maius
521 2619 627 2649 cum
642 2604 692 2649 in
707 2605 821 2650 folio
838 2606 990 2662 primo
1008 2604 1184 2650 codicis
1200 2618 1372 2650 nomen
1389 2604 1631 2650 Gainfredi
1648 2619 1806 2662 quam-

125 2679 268 2722 quam
310 2679 451 2709 manu
492 2665 753 2709 recentiore
793 2665 1019 2722 scriptum
1047 2661 1264 2721 legisset,
1307 2663 1611 2709 Gainfredum
1652 2678 1807 2722 gram-

121 2725 367 2780 maticum,
406 2724 646 2782 anglicum
682 2723 920 2769 hominem
960 2723 1039 2780 qui
1071 2725 1277 2768 extremo
1310 2723 1496 2768 saeculo
1528 2723 1806 2769 duodecimo

122 2783 321 2887 clar-uit15
334 2783 409 2840 (cf.
441 2784 587 2840 praef.
619 2798 664 2840 p.
698 2783 795 2840 XI),
839 2783 1078 2828 auctorem
1121 2782 1260 2837 artis,
1279 2782 1377 2827 eius
1422 2796 1523 2827 esse
1561 2796 1805 2840 perperam

121 2855 299 2887 con1ec1
324 2877 334 2887 .
