1980 3134
71 72 76 76 ”
161 96 249 141 xn
828 94 1182 141 PRAEFATIO.

153 266 191 312 p
232 253 283 299 et
320 252 352 311 f
383 266 530 313 saepe
569 252 883 313 permutatae
921 250 1253 312 inveniantur,
1291 251 1350 298 cf.
1394 252 1475 310 13,
1511 252 1578 300 25
1621 255 1847 301 cantuum

160 340 251 386 pro
284 328 512 373 cantuum
542 325 582 373 P
615 327 701 386 50,
737 327 802 372 11
838 325 1218 384 questiunculum
1249 325 1288 372 P
1324 351 1386 358 —
1426 327 1546 388 107,
1581 326 1649 374 18
1690 328 1846 386 atqui-

160 400 295 446 sierit
316 398 365 446 N
393 400 509 458 147,
531 400 596 446 26
613 413 910 459 praesumac
931 398 980 445 N
1009 424 1071 431 —
1104 400 1187 459 24,
1208 400 1274 447 26
1300 401 1405 447 sinc
1429 391 1543 465 (pro
1567 393 1687 465 siue)
1712 403 1847 449 tenus

160 471 257 519 VN
304 473 389 534 54,
433 475 498 521 13
547 474 786 521 iusiuitivi
829 488 920 534 pro
965 474 1197 531 infinitivi
1240 472 1281 519 P
1324 499 1387 506 —
1435 475 1483 534 9,
1523 474 1557 520 4
1605 475 1848 533 inprimus

161 561 252 607 pro
283 547 511 605 infirmus
540 546 590 593 N
625 547 706 607 13,
736 548 801 595 18
826 561 964 606 pona
993 562 1085 608 pro
1116 548 1235 606 fona
1265 546 1306 593 P
1339 549 1459 610 109,
1494 548 1524 595 3
1549 548 1848 607 patisfacere

162 635 251 681 pro
291 621 572 679 satisfacere
602 619 651 667 N
685 621 805 680 139,
841 622 908 668 22
932 621 1117 681 pinque
1146 635 1236 682 pro
1267 622 1414 681 finget
1442 620 1492 668 N
1526 622 1645 681 140,
1675 622 1740 669 22
1774 622 1848 681 fa-

171 695 298 741 ciens
334 693 383 740 N
421 709 511 755 pro
541 695 759 754 paciens,

309 767 571 816 Praecedit
608 767 866 816 Parisinus
923 770 978 816 ut
1024 769 1191 816 aetate
1239 767 1312 815 ita
1360 767 1510 815 etiam
1550 768 1849 817 auctoritate

161 839 572 904 Neapolitanum,
619 841 751 890 inter
789 857 912 904 quos
951 841 1170 889 medium
1208 841 1454 903 quendam
1493 842 1657 889 locum
1696 840 1848 891 Salis·

159 913 422 977 burgensis
453 908 604 980 (nunc
628 909 799 980 Vind.)
825 915 1098 965 obtinuisse
1121 915 1372 977 putandus
1398 916 1490 977 est,
1515 931 1625 963 eum
1649 916 1850 978 conplu-

158 988 299 1037 ribus
328 988 450 1037 locis
483 1004 595 1037 cum
618 989 671 1049 P,
711 989 822 1038 aliis
855 989 1155 1052 quibusdam
1185 1004 1297 1037 cum
1328 988 1377 1036 N
1407 988 1574 1037 faciat.
1628 988 1701 1037 At
1730 989 1851 1038 libri

159 1061 377 1111 Parisini
412 1063 748 1125 praestantia,
797 1078 946 1126 quam
985 1062 1216 1111 editionis
1254 1065 1456 1111 nostrae
1497 1062 1703 1126 quaevis
1740 1063 1846 1112 fere

159 1136 343 1199 pagina
374 1137 569 1199 evincit,
599 1153 699 1185 non
727 1137 801 1185 ita
824 1140 903 1185 est
925 1139 1209 1199 conparata,
1240 1138 1298 1184 ut
1322 1139 1488 1185 cetera
1512 1136 1734 1186 subsidia
1757 1133 1849 1185 cri-

158 1210 260 1258 tica
304 1211 705 1272 praetermittere
750 1212 928 1273 possis.
989 1211 1149 1259 Immo
1197 1211 1261 1258 ad
1310 1210 1613 1272 detegendos
1656 1226 1848 1260 errores

161 1284 337 1346 lingua
374 1284 572 1347 vulgari
609 1287 779 1350 natos,
817 1285 997 1347 quibus
1029 1285 1287 1333 Parisinus
1320 1284 1402 1333 vel
1432 1284 1646 1332 maxime
1678 1287 1851 1348 scatet,

163 1358 381 1406 multum
413 1358 585 1406 auxilii
616 1358 907 1407 adtulerunt
935 1358 1131 1422 reliqui.
1202 1356 1652 1407 Grammaticorum
1682 1361 1852 1407 autem

165 1432 474 1492 testimonia,
526 1434 770 1495 quotquot
820 1432 1041 1494 congessi
1088 1433 1347 1494 textuique
1392 1432 1600 1496 subieci,
1645 1447 1850 1494 perraro

167 1505 288 1554 loeis
322 1507 643 1554 emendandis
678 1506 793 1554 usui
823 1507 1028 1555 fuerunt
1061 1499 1145 1573 (cf.
1180 1508 1301 1565 116,
1335 1508 1388 1568 73
1423 1507 1545 1569 157,
1581 1500 1652 1571 6).
1713 1506 1850 1554 Hau-

167 1583 342 1628 serunt
379 1580 415 1627 ii
453 1580 653 1642 quidem
693 1596 752 1629 ex
789 1580 1010 1629 fontibus
1048 1596 1150 1628 non
1187 1581 1403 1628 multum
1441 1580 1751 1643 depravatis,
1798 1583 1851 1629 at

164 1654 439 1702 omiserunt
470 1669 596 1716 quae
629 1656 804 1717 utpote
835 1670 865 1702 a
898 1670 1124 1703 sermone
1155 1654 1343 1703 usitato
1374 1656 1568 1702 remota
1597 1670 1696 1703 non
1728 1653 1851 1702 satis

161 1727 534 1790 perspexissent
572 1730 660 1776 aut
689 1744 818 1790 quae
851 1728 914 1776 ad
944 1728 1269 1776 illustrandas
1301 1728 1617 1790 quaestiones
1655 1728 1709 1775 in
1739 1743 1851 1776 exa-

162 1817 278 1850 men
321 1804 523 1851 vocatas
576 1818 676 1850 non
725 1804 846 1864 apta
893 1803 975 1850 vel
1020 1801 1303 1850 necessaria
1350 1803 1529 1850 essent.
1614 1801 1851 1862 Nonnun-

163 1890 313 1937 quam
354 1876 506 1924 etiam
545 1891 571 1923 e
610 1875 851 1924 memoria
887 1875 1092 1936 Virgilii
1122 1876 1288 1925 verbis
1327 1875 1405 1923 usi
1454 1890 1563 1923 esse
1602 1875 1850 1938 videntur,

163 1951 221 1997 ut
258 1949 544 1998 testimonio
583 1949 939 2012 investigando
985 1950 1178 1998 frustra
1216 1948 1303 1997 des
1344 1964 1561 2011 operam.
1638 1949 1715 1996 Ex
1753 1965 1849 2011 quo

162 2038 346 2085 genere
380 2026 456 2072 est
486 2023 613 2070 illud
644 2023 697 2070 in
729 2022 999 2072 Anecdotis
1034 2023 1307 2072 Helveticis
1338 2040 1388 2085 p.
1415 2025 1536 2083 192,
1567 2025 1630 2070 11
1675 2023 1852 2071 Utrum

161 2097 300 2145 habet
339 2091 676 2146 ‘novissimus'
717 2099 1082 2158 comparativum
1127 2101 1170 2145 et
1204 2098 1503 2158 positivum?
1561 2096 1677 2144 Nou
1712 2097 1853 2145 habet

162 2172 424 2219 secuudum
445 2171 710 2226 Donatum,
734 2172 995 2219 secumdum
1017 2171 1330 2220 Prisciauum
1353 2174 1396 2218 ct
1419 2171 1677 2231 Virqilium
1698 2171 1850 2219 habet.

164 2242 236 2293 Cf.
279 2244 431 2293 etiam
474 2261 521 2306 p.
574 2246 695 2309 193,
753 2247 820 2293 16
867 2244 963 2293 Sed
1008 2246 1122 2294 dicit
1177 2244 1434 2305 Viryilius:
1489 2243 1692 2304 Quando
1746 2245 1850 2293 dico

165 2313 328 2367 ‘doceo
373 2311 633 2367 hominem'
687 2319 760 2366 vel
814 2313 950 2367 ‘amo
1001 2311 1278 2380 homiuem',
1329 2332 1426 2365 non
1480 2321 1548 2366 est
1593 2319 1849 2373 accusatio,

163 2394 247 2441 sed
280 2394 568 2453 qlorificatio
616 2395 659 2440 ct
703 2393 828 2452 quod
864 2394 1025 2441 verius
1071 2397 1160 2447 est,
1209 2394 1267 2451 fit
1302 2393 1498 2440 verbum
1537 2385 1760 2440 eaccuso'
1801 2392 1851 2440 id

166 2469 233 2514 est
279 2481 390 2527 ayo,
440 2469 717 2515 accusatum
762 2468 834 2514 irc
879 2468 999 2526 facit
1033 2467 1273 2526 infinitivo
1311 2467 1500 2526 futuro,
1548 2466 1749 2526 expulsa
1778 2467 1850 2514 ire

166 2543 208 2587 et
254 2554 482 2589 conversa
520 2544 622 2588 tum
657 2541 711 2588 in
760 2542 886 2588 tivus
925 2541 996 2588 sic
1032 2542 1090 2599 fit
1128 2541 1433 2589 accusativus
1469 2540 1522 2587 id
1560 2542 1627 2587 est
1665 2541 1850 2587 activus

164 2627 277 2661 cum
315 2613 436 2661 locis
475 2613 765 2676 Virgilianis
804 2630 852 2675 p.
895 2615 980 2674 36,
1021 2615 1051 2663 5
1093 2616 1145 2662 et
1182 2615 1269 2676 40,
1302 2615 1387 2661 22.
1457 2611 1593 2669 Quae
1633 2611 1676 2660 si
1713 2613 1848 2660 recte

166 2686 425 2748 disputata
457 2690 573 2735 sunt
603 2687 704 2735 iam
734 2687 1021 2748 intelleges,
1061 2690 1263 2750 quantis
1296 2685 1675 2734 difficultatibus
1708 2685 1847 2734 crisis

166 2775 372 2822 operum
409 2760 804 2824 Virgilianorum
844 2761 1146 2823 impediatur
1183 2760 1407 2809 fontibus
1445 2774 1605 2822 neque
1645 2758 1847 2807 uberius

163 2849 325 2897 neque
364 2850 489 2896 pure
521 2831 855 2883 manantibus.
