1980 3134
188 64 258 116 32
576 60 835 105 VIRGILII
864 59 1139 106 MARONIS
1168 60 1492 107 ΕΡΙΤΟΜΑΕ.

190 191 461 243 domorum
508 189 699 255 domis,
759 190 816 239 at
862 187 1124 240 feminino
1171 188 1366 240 dicitur
1419 188 1567 242 lacus
1623 188 1698 240 sic
1755 204 1882 241 aeus

191 261 374 313 domus
421 262 475 311 et
520 259 684 311 faciet
730 259 979 311 domuum
1023 259 1274 313 domibus,
1349 259 1492 325 Zapes
1520 259 1709 326 palues
1744 260 1883 311 eines

190 329 486 382 masculina
511 331 651 397 sunt,
692 329 830 395 lapis
847 328 1031 395 puluis·
1055 330 1188 381 cinis
1211 329 1475 380 feminina
1497 331 1641 394 sunt,
1679 328 1771 380 sed
1797 329 1882 380 de·

192 399 409 452 clinatio
436 400 621 451 eadem
649 401 746 450 est.
784 399 1089 451 communia
1114 400 1276 451 etiam
1300 398 1595 451 masculino
1621 401 1676 450 et
1692 401 1882 450 neutro

148 486 168 518 5
192 470 540 523 inueniuntur
586 471 648 521 ut
686 469 865 536 fulyor
911 486 1146 522 marmor
1187 470 1362 537 friyus
1408 470 1592 522 buxus.
1668 472 1795 520 sunt
1831 471 1885 520 et

191 540 452 593 feminino
500 542 554 592 et
596 541 789 591 neutro
841 539 1146 591 communia
1191 542 1253 591 ut
1288 540 1436 592 tellus
1471 540 1632 593 holus·
1709 539 1883 591 omnis

194 614 374 662 autem
412 609 660 662 animalis
700 612 792 661 aut
828 615 940 661 auis
970 627 1167 661 nomen
1191 610 1468 678 proprium
1491 626 1663 690 genus
1688 609 1884 661 habere

192 699 304 733 non
340 683 534 748 potest,
577 682 864 747 antequam
903 680 1238 732 discernatur
1274 681 1421 732 cuius
1460 681 1530 732 sit
1553 680 1764 749 generis
1790 698 1883 732 ex-

194 750 360 819 ceptis
399 751 677 803 dumtaxat
708 750 829 814 hiis,
866 751 1057 819 quibus
1082 750 1299 819 propria
1333 751 1392 802 in
1429 753 1654 818 utroque
1689 768 1885 819 genere

131 845 171 877 10
194 821 414 873 nomina
447 821 653 889 possita
690 823 816 872 sunt
847 825 907 873 ut
929 825 1119 874 taurus
1147 824 1201 872 et
1224 838 1404 885 uacca,
1445 821 1532 873 bos
1556 821 1718 884 bouiS,
1746 821 1886 874 aries

194 894 247 943 et
266 894 394 945 ouis,
431 891 650 943 nomina
669 894 862 959 autem,
888 909 1023 959 quae
1043 892 1287 943 omnibus
1308 891 1595 960 generibus
1615 892 1884 959 aptantur,

193 980 306 1015 non
344 962 647 1015 communia
684 961 776 1014 sed
812 963 1101 1031 omnigena
1138 962 1238 1014 dici
1279 961 1475 1013 debent
1500 967 1562 1013 ut
1580 962 1712 1028 felix
1736 962 1887 1014 uelox

193 1049 363 1086 ueram
399 1049 579 1085 amens
616 1033 762 1085 diues
787 1033 1040 1099 prudens.

336 1102 418 1155 De
456 1103 693 1155 numeris
731 1107 911 1154 autem
936 1102 1039 1155 hoc
1064 1105 1280 1155 tantum
1306 1102 1587 1155 dicendum
1614 1105 1710 1167 est,
1749 1101 1888 1170 quod

133 1198 173 1230 15
195 1175 525 1253 sequestrata
562 1174 935 1253 singularitate
974 1176 1028 1225 et
1063 1173 1371 1241 pluralitate
1405 1172 1692 1225 manifesta
1718 1173 1889 1224 multa

198 1244 503 1296 communia
538 1244 752 1312 utrique
787 1261 1009 1296 numero
1046 1243 1392 1296 inueniuntur
1436 1246 1498 1295 ut
1541 1259 1683 1310 sepes
1728 1243 1889 1295 nubes

196 1315 304 1367 dies
350 1315 525 1394 clades
567 1314 736 1380 fames
784 1315 927 1367 sedes
975 1315 1153 1367 uultus
1189 1315 1358 1367 tribus
1387 1330 1569 1382 yresus
1606 1316 1660 1365 et
1696 1316 1888 1365 cetera.

196 1387 251 1436 at
298 1389 460 1453 terra,
509 1385 566 1436 in
605 1403 710 1452 qua
746 1384 1026 1436 hominum
1062 1402 1234 1454 genus
1273 1387 1380 1451 est,
1433 1384 1588 1437 turba
1625 1401 1688 1436 ac
1724 1384 1892 1437 tribus

187 1455 414 1522 populus
449 1455 598 1523 plebs
643 1456 833 1522 σοηύἱο,
881 1455 1007 1507 licet
1053 1455 1379 1523 singularem
1425 1472 1704 1506 numerum
1740 1472 1890 1522 prae-

132 1551 174 1584 20
196 1525 404 1591 ferunt,
453 1524 683 1593 pluralia
728 1529 910 1577 tamen
947 1525 1360 1578 manifestantur
1397 1543 1461 1577 ex
1498 1542 1673 1577 sensu.
1747 1524 1890 1576 unde

198 1599 252 1647 et
286 1596 509 1664 pluralis
546 1596 757 1648 numeri
784 1596 963 1648 uerbis
989 1596 1249 1665 applicari
1275 1595 1471 1648 debent
1495 1595 1632 1648 sicut
1657 1594 1888 1648 Cicero

198 1666 390 1718 effatur
426 1667 604 1719 audite
629 1666 778 1734 plebs
813 1670 861 1719 et
894 1668 1143 1720 intendite
1179 1667 1360 1720 tribus,

308 1839 349 1878 4.
371 1834 488 1879 Eme.
511 1833 661 1881 Naue.
678 1846 728 1889 p.
749 1837 828 1878 18.·
860 1833 1134 1878 Communia
1162 1833 1419 1878 masculina
1439 1835 1488 1878 et
1506 1834 1676 1878 neutra
1694 1858 1749 1865 —
1770 1847 1892 1876 mur-

198 1904 304 1934 mur
323 1903 499 1946 prunus
519 1920 573 1926 —
591 1890 807 1934 feminini
827 1890 876 1934 et
894 1891 1050 1933 neutri
1070 1916 1122 1921 —-
1144 1890 1408 1934 communia
1430 1916 1480 1923 -—
1503 1890 1652 1933 omnis
1677 1889 1890 1933 animalis

197 1973 252 1979 —
283 1946 513 1990 duntaxat
540 1946 612 1989 his
642 1972 696 1978 —
726 1946 917 2002 propria
945 1946 1136 1990 nomina
1163 1947 1213 1989 in
1244 1971 1296 1978 —-
1327 1947 1482 2002 posita
1513 1973 1565 1978 —
1596 1959 1738 1990 vacca
1766 1950 1846 1992 etc.

313 2106 350 2146 1.
383 2102 447 2158 at]
481 2101 528 2144 et
556 2100 660 2146 ΡΝ
674 2102 690 2155 ΙΙ
710 2101 987 2145 femininum
1017 2100 1103 2157 Nl}
1125 2101 1190 2145 sic
1220 2102 1349 2145 133113
1385 2101 1443 2155 V3
1475 2101 1604 2145 lacus
1633 2101 1763 2145 lacus
1783 2101 1821 2145 &
1842 2099 1896 2144 N

202 2158 266 2223 112
298 2158 437 2201 domo
445 2158 512 2215 sss
542 2158 589 2201 P
615 2159 631 2214 ΙΙ
660 2157 777 2201 facit
810 2157 894 2214 Vn
887 2157 1114 2211 {domum
1153 2154 1207 2201 N
1231 2159 1248 2214 ΙΙ
1277 2158 1515 2213 2f.1apes
1555 2163 1627 2211 (m.
1655 2160 1700 2211 1)
1737 2157 1891 2213 pulvis

200 2214 314 2258 cinis
343 2213 604 2258 masculina
632 2215 740 2257 sunt
770 2214 852 2258 sed
882 2213 927 2261 d.
950 2226 989 2261 e
1019 2214 1076 2258 N
1089 2214 1106 2269 ΙΙ
1127 2219 1155 2257 4
1184 2214 1359 2268 eaedem
1388 2215 1435 2258 P
1455 2215 1472 2270 u
1495 2213 1816 2258 comonialiam
1845 2215 1891 2258 P

203 2298 222 2354 ΙΙ
241 2294 484 2342 masculini
506 2299 554 2341 et
568 2297 823 2354 neutriNss
844 2301 869 2341 5
889 2312 1100 2340 murmur
1120 2297 1178 2341 N
1227 2298 1394 2355 frigus]
1418 2312 1560 2353 pruus
1583 2299 1687 2354 (pru
1707 2298 1759 2341 in
1779 2300 1891 2354 ras.)

198 2355 255 2399 N
276 2356 292 2410 ΙΙ
324 2359 349 2397 6
387 2355 602 2398 feminini
639 2355 687 2398 et
723 2299 878 2398 neuntri
908 2353 964 2397 N
987 2355 1003 2410 ΙΙ
1031 2354 1154 2398 1111113
1247 2355 1310 2410 117
1342 2356 1499 2398 autem
1533 2354 1782 2410 0113117118
1814 2369 1891 2398 311-

199 2421 331 2493 tiqua
365 2438 409 2482 V
431 2439 448 2494 ΙΙ
476 2439 660 2502 generis
690 2438 752 2481 sit
785 2437 825 2482 V
853 2438 963 2494 1181
995 2438 1201 2502 exceptis
1229 2439 1302 2482 his
1330 2440 1384 2482 ut
1413 2438 1498 2494 ΝΙ
1491 2440 1506 2495 ΙΙ
1529 2444 1554 2482 9
1645 2452 1703 2482 113
1733 2440 1779 2482 P
1801 2440 1816 2495 ΙΙ
1840 2444 1892 2483 10

199 2495 303 2538 buis
332 2496 378 2539 P
399 2497 414 2551 ΙΙ
436 2494 584 2538 aeries
612 2495 658 2538 P
678 2496 694 2551 u
719 2499 769 2538 11
801 2508 911 2539 oves
945 2494 989 2539 V
1013 2496 1028 2551 ΙΙ
1051 2494 1283 2539 ominibus
1313 2496 1359 2538 P
1379 2495 1557 2552 nquae]
1584 2452 1645 2539 {I
1666 2508 1700 2539 3.
1732 2495 1775 2549 l,
1806 2507 1889 2539 om.

199 2551 298 2595 PV
320 2553 336 2607 u
361 2556 411 2594 12
442 2550 552 2594 filex
581 2551 635 2595 N
641 2552 651 2580 ¹
677 2552 694 2607 ΙΙ
718 2556 768 2596 13
797 2564 933 2595 veras
968 2551 1044 2607 Vn
1066 2552 1243 2595 amiens
1278 2551 1352 2607 Vn
1377 2558 1428 2596 15
1458 2551 1771 2606 sequestratas
1806 2551 1851 2594 V
1871 2552 1888 2607 ¹}

203 2611 255 2650 16
287 2608 543 2651 commonia
571 2609 617 2652 P
648 2608 833 2663 (ubique
861 2607 973 2663 fere)
1007 2608 1023 2663 ΙΙ
1051 2608 1230 2664 utriqui
1258 2609 1305 2652 P
1336 2609 1351 2664 ΙΙ
1374 2621 1480 2665 spes
1514 2607 1609 2651 VN
1624 2608 1640 2662 ΙΙ
1664 2612 1714 2651 17
1747 2606 1891 2651 dades

199 2691 257 2735 N
270 2692 287 2746 ΙΙ
308 2704 500 2755 gressus
526 2691 620 2736 VN
635 2692 651 2747 ΙΙ
675 2697 726 2736 18
757 2692 824 2747 at]
857 2705 886 2735 a
914 2691 958 2734 V
974 2692 989 2747 ΙΙ
1016 2697 1065 2735 19
1090 2674 1345 2748 praeferunt
1372 2692 1428 2736 N
1442 2693 1457 2748 ΙΙ
1480 2696 1534 2736 20
1567 2691 1703 2756 plura
1739 2691 1783 2735 V
1799 2692 1814 2747 ΙΙ
1837 2696 1889 2735 21

195 2752 302 2802 post
329 2747 526 2803 pluralis
556 2749 760 2803 spatium
788 2748 843 2792 in
871 2749 917 2791 P
937 2748 953 2802 ΙΙ
975 2748 1095 2792 sicut
1124 2751 1161 2792 &
1182 2749 1228 2792 P
1255 2749 1362 2802 fort
1395 2749 1531 2792 sicuti
1553 2751 1568 2805 u
1590 2747 1799 2792 cicerone
1836 2748 1888 2802 V,

202 2804 399 2847 ciceron
421 2803 474 2847 N
491 2805 506 2859 ss
529 2809 580 2847 22
612 2805 853 2848 refertitur
887 2802 939 2847 V.
