1980 3134
201 122 236 172 4
595 118 847 163 VIRGILII
878 118 1154 164 MARONIS
1186 119 1508 166 EPITOMAE.

200 247 345 299 riora
411 246 655 299 scalatim
715 246 1072 315 perfendiant.
1150 246 1292 299 unde
1348 250 1401 299 et
1456 246 1895 316 conparationum

200 317 397 385 gradus
435 318 535 369 hac
573 316 728 368 moda
763 317 1040 386 ponimus,
1079 318 1138 368 ut
1173 317 1405 385 primum
1439 317 1757 386 possitiuum
1784 317 1894 370 acsi

202 387 572 454 decelsiorem,
613 386 801 438 deinde
829 388 1258 455 conparatiuum‚
1291 387 1484 440 exhinc
1511 387 1895 455 superlatiuum

202 457 481 510 ordiamus
558 457 715 508 huius
762 457 943 526 itaque
992 458 1285 525 sapientiae
1339 457 1530 526 parilla
1574 459 1632 509 in
1678 457 1896 510 homine

138 549 159 580 5
203 528 492 580 similitudo
532 527 946 594 demonstratur,
988 527 1078 596 qui
1110 527 1343 596 plastum
1368 528 1586 581 telleum
1613 527 1898 597 afflamque

203 598 365 650 habet
395 601 644 650 aetream.
701 598 834 651 haec
860 614 987 668 ergo
1013 616 1137 666 pars
1168 598 1487 666 sapientiae,
1521 616 1654 667 quae
1679 597 1898 651 humilis

204 672 307 736 est,
344 668 559 721 sublimi
595 669 793 720 seruire
820 668 999 736 debet,
1032 668 1168 721 sicut
1193 672 1246 721 et
1269 669 1503 737 plastum
1530 669 1700 722 afflae.
1756 670 1898 722 unde

205 739 366 790 etiam
390 757 508 806 nOS,
538 739 632 807 qui
655 738 970 808 filosophiae
991 739 1193 791 artibus
1214 739 1377 791 nimie
1399 739 1688 807 studemus,
1714 757 1894 807 quam-

206 809 339 861 libet
362 809 573 861 hisdem
605 809 862 878 quaedam
888 827 1088 878 eorum,
1124 827 1258 878 quae
1285 810 1672 878 antiquioribus
1695 809 1898 863 Hebre-

142 902 183 934 ιο
206 897 357 932 orum
393 880 626 949 legibus,
667 898 799 949 quas
837 880 1045 932 diuinas
1084 882 1394 947 autumant,
1435 880 1643 933 canitus
1669 880 1900 948 promul-

204 953 334 1019 gata
359 955 510 1015 sunt,
551 951 940 1004 controuersari
965 949 1278 1015 uideantur,
1305 968 1416 1003 non
1441 950 1693 1003 audemus
1719 953 1901 1003 tamen

206 1020 425 1073 decelsis
474 1021 614 1075 celsa
664 1022 917 1075 subicere.
994 1020 1096 1074 hoc
1137 1038 1265 1090 ergo
1303 1021 1460 1073 nobis
1497 1021 1900 1075 omnimodatim

206 1090 544 1144 accitandum
583 1095 687 1159 est,
733 1095 794 1144 ut
829 1094 1069 1144 nostram
1108 1091 1495 1160 eloquentiam,
1544 1094 1784 1145 nostram
1810 1109 1901 1144 so-

207 1162 420 1214 lertiam
433 1202 448 1230 ,
476 1165 722 1216 nostrum
748 1162 980 1216 studium
1006 1165 1352 1230 nostrumque
1378 1162 1639 1231 leporem,
1671 1162 1728 1214 in
1753 1162 1899 1215 illius

144 1253 185 1286 15
209 1234 415 1285 aetreae
454 1233 589 1303 legis
627 1235 1087 1286 construmentum
1126 1236 1475 1301 ornatumque
1520 1233 1898 1285 ministremus

208 1303 405 1355 etenim
460 1305 775 1372 quicumque
829 1304 1056 1369 hancce,
1115 1321 1273 1372 quam
1326 1321 1423 1355 nos
1469 1303 1625 1357 ualde
1673 1303 1903 1356 emulem

206 1377 474 1441 putamus,
512 1374 589 1427 ita
614 1374 910 1427 defendunt
933 1361 1188 1442 periciam
1211 1373 1615 1442 filosophorum,
1642 1377 1703 1427 ut
1727 1376 1903 1427 aucto-

207 1443 420 1496 ritatem
453 1445 655 1513 primae
680 1444 1016 1498 Hebreorum
1053 1445 1289 1497 minulae
1325 1444 1513 1497 huicce
1549 1446 1795 1514 quamuis
1821 1462 1902 1497 or-

207 1518 366 1567 natae
391 1515 676 1568 recentiori
702 1518 878 1568 sectae
904 1515 1231 1584 postferant,
1271 1515 1539 1568 incassum
1569 1532 1724 1567 omne
1750 1533 1903 1568 suum

144 1602 186 1635 20
210 1585 520 1653 expendunt
556 1586 827 1639 audatum.
883 1585 975 1638 sed
1011 1586 1116 1638 hiis
1152 1585 1431 1654 praemisis
1469 1586 1534 1637 ad
1571 1586 1740 1654 ipsius
1778 1585 1900 1638 lati-

207 1655 423 1722 nitatis,
477 1675 613 1725 quae
658 1656 862 1709 minula
909 1657 1166 1725 sapidinis
1205 1658 1285 1710 est
1321 1656 1570 1724 minima,
1617 1656 1901 1709 oratorium

206 1728 555 1780 transeamus.

350 1796 613 1851 Latinitas
651 1800 856 1866 autem,
894 1801 954 1849 ut
989 1797 1204 1866 quidam
1241 1799 1449 1861 rentur,
1492 1815 1556 1849 ex
1588 1796 1781 1849 Latino
1821 1799 1903 1849 est

209 1868 345 1935 orta,
383 1868 536 1936 quasi
573 1867 664 1937 qui
697 1868 864 1936 ipsius
889 1867 1105 1937 linguae
1131 1869 1316 1920 auctor
1343 1867 1620 1919 exstiterit.
1677 1867 1901 1919 Latinus

322 2024 393 2065 24.
423 2020 615 2065 Latinus
636 2035 665 2065 a
685 2034 778 2077 quo
799 2021 1007 2066 latinitas
1027 2021 1067 2065 is
1090 2022 1310 2065 centenos
1329 2021 1550 2065 habuisse
1571 2021 1720 2065 fertur
1740 2032 1902 2066 annos,

209 2076 284 2119 hic
315 2077 388 2120 vir
416 2091 614 2133 magnus
643 2078 733 2121 fuit
763 2079 812 2122 et
841 2079 1009 2134 potens
1038 2077 1153 2121 belli
1181 2077 1323 2134 regiis
1352 2076 1644 2134 temporibus
1675 2081 1754 2121 etc.
1775 2078 1820 2120 A
1841 2077 1898 2130 cfi

209 2133 408 2188 append.
439 2158 496 2166 -—
529 2135 769 2180 Clementis
797 2147 891 2187 exc.
925 2134 973 2190 (f.
1007 2135 1122 2190 10⁸)=
1154 2147 1182 2177 a
1211 2133 1379 2178 Latino
1410 2147 1545 2190 rege,
1583 2133 1662 2189 qui
1693 2146 1750 2177 ea
1778 2133 1902 2176 inter

326 2264 347 2303 1
381 2261 444 2317 et]
477 2261 520 2304 ei
549 2260 606 2304 N
619 2261 636 2317 ss
658 2266 682 2303 2
712 2261 959 2317 possitium
987 2261 1034 2304 P
1054 2262 1070 2317 ΙΙ
1091 2265 1117 2304 3
1147 2259 1453 2304 decessiorem
1473 2260 1519 2303 P
1539 2260 1555 2316 ΙΙ
1577 2258 1903 2316 conparatium

210 2315 315 2360 ΡΝ
328 2317 345 2372 ΙΙ
367 2321 393 2360 4
414 2317 616 2361 ordeam'
636 2317 693 2361 N
707 2318 723 2374 [l
743 2317 913 2374 parilla
932 2316 1000 2374 in]
1058 2330 1109 2361 er
1127 2315 1209 2361 illa
1226 2316 1276 2359 in
1295 2316 1361 2371 P,
1382 2315 1554 2373 perilla
1566 2316 1624 2361 N
1628 2334 1640 2371 ς
1662 2329 1746 2371 per
1768 2315 1903 2358 illum

210 2372 450 2416 hominem
479 2373 587 2417 Mai
614 2374 630 2430 ΙΙ
658 2377 683 2417 5
714 2373 961 2430 telleumq;
993 2331 1081 2429 1811
1111 2377 1136 2416 6
1167 2372 1435 2436 aetheream
1466 2372 1523 2416 N
1575 2378 1598 2417 7
1630 2371 1765 2416 afliae
1793 2371 1851 2415 N
1877 2375 1897 2429 Ιι

211 2434 237 2472 8
266 2428 591 2486 philosophiae
620 2430 677 2474 N
691 2431 707 2486 ΙΙ
727 2429 901 2474 nimiae
930 2430 988 2475 N
1001 2431 1016 2486 ΙΙ
1038 2434 1064 2474 9
1093 2429 1168 2473 his
1189 2429 1245 2474 N
1267 2429 1284 2485 ΙΙ
1313 2429 1546 2482 ant1q30ri
1589 2446 1600 2482 ς
1631 2429 1685 2473 Ν
1703 2429 1901 2485 1136016-

214 2496 347 2527 orum
363 2485 409 2528 P
430 2486 446 2541 ΙΙ
474 2491 521 2530 10
538 2487 817 2530 autumnant
836 2487 882 2530 P
902 2488 918 2543 ΙΙ
944 2491 993 2529 12
1011 2485 1218 2530 decaelsis
1241 2484 1395 2528 caelsa
1408 2486 1454 2529 P
1474 2486 1490 2542 ΙΙ
1512 2485 1749 2529 subiecere
1765 2485 1868 2530 PN
1895 2487 1899 2541 f

213 2545 265 2584 13
283 2541 576 2585 catizandum
591 2542 648 2586 N
661 2543 677 2598 ΙΙ
699 2543 966 2597 solaertiam
982 2542 1036 2586 N
1052 2544 1067 2599 ΙΙ
1093 2542 1382 2596 l4nostfaP,
1397 2541 1668 2602 nostramN
1682 2542 1698 2597 ΙΙ
1719 2541 1874 2586 illisN
1894 2544 1897 2598 j

215 2629 268 2669 15
299 2627 676 2671 contrumentum
705 2627 752 2670 P
772 2628 788 2683 ιι
810 2628 919 2683 que]
951 2627 1034 2682 qui
1062 2627 1108 2671 P
1128 2627 1144 2683 ιι
1168 2631 1219 2670 17
1251 2599 1509 2671 deffendunt
1530 2625 1578 2669 P
1597 2626 1613 2679 ιι
1633 2625 1904 2680 111οερρ*1]ο-

211 2695 316 2724 rum
356 2685 401 2734 (o
441 2686 573 2735 eras.)
611 2683 658 2726 P
678 2685 694 2738 ΙΙ
716 2684 1016 2727 autoritatem
1046 2684 1092 2727 P
1112 2684 1128 2739 ΙΙ
1153 2688 1204 2727 18
1242 2683 1543 2727 caebreorum
1572 2682 1619 2725 P
1639 2683 1654 2737 ΙΙ
1677 2687 1730 2725 20
1762 2695 1902 2738 expe—

214 2751 330 2794 dunt
359 2752 405 2794 P
433 2753 449 2807 ΙΙ
479 2752 549 2795 his
578 2752 635 2796 N
654 2754 670 2808 ΙΙ
697 2753 1037 2808 praetermissis
1065 2753 1122 2797 N
1143 2755 1158 2808 ΙΙ
1188 2758 1238 2796 21
1272 2755 1358 2808 que
1388 2742 1563 2794 nonina
1583 2753 1650 2804 P,
1684 2765 1823 2806 quem
1853 2752 1902 2795 in

212 2807 297 2851 illa
325 2807 388 2861 N,
421 2810 634 2862 quamvis
653 2810 702 2852 in
723 2809 803 2853 illa
821 2809 929 2853 Mai
949 2810 964 2865 ΙΙ
987 2811 1221 2853 oratorem
1250 2809 1304 2853 N
1319 2809 1335 2864 ΙΙ
1357 2814 1410 2853 22
1431 2809 1743 2863 transeamus]
1776 2807 1900 2851 unde

215 2866 318 2908 orta
347 2864 557 2908 latinitas
587 2864 642 2908 N
665 2866 718 2909 in
747 2879 833 2922 my.
856 2867 872 2921 ΙΙ
895 2870 947 2911 23
977 2866 1109 2910 retur
1138 2865 1195 2909 N
1215 2867 1231 2921 ΙΙ
1253 2870 1306 2908 24
1339 2865 1458 2920 orta]
1494 2879 1546 2909 or
1574 2864 1656 2920 ΡΗ
1679 2865 1813 2908 autor
1842 2865 1900 2911 P.
