1980 3134
172 98 271 151 152
546 95 804 140 VIRGILII
832 94 1051 140 MARON
1053 94 1107 139 IS
1136 94 1484 140 EPISTOLAE.

169 224 310 277 dicto
354 241 512 276 uersu
559 224 720 276 habet
766 224 1002 290 laetaque
1048 227 1247 291 ayyunt
1292 224 1352 276 in
1397 224 1663 277 moenibus
1705 225 1859 291 festa.

171 294 410 349 ornatius
463 295 708 348 enimet
754 293 1015 345 firmatius
1062 295 1278 360 rentur,
1327 293 1372 345 si
1419 294 1690 362 quandam
1737 312 1861 347 con-

168 364 607 433 ponderationem
652 363 869 432 linguae
914 381 1010 432 per
1057 363 1286 431 syllabas
1332 363 1556 417 faciunt.
1615 364 1757 416 unde
1807 367 1860 417 et

167 435 309 487 idem
364 438 520 503 poeta
574 433 901 487 commodius
955 436 1103 486 ratus
1151 436 1233 486 est
1277 433 1468 486 addere
1511 452 1547 502 9
1591 435 1649 486 in
1695 435 1858 503 priori

124 521 145 552 5
169 505 396 574 syllaba,
463 523 620 573 quam
683 504 1034 573 semigrauato
1098 504 1371 557 literarum
1423 522 1645 557 numero
1700 522 1859 556 unam

170 578 356 628 contra
393 578 644 643 quattuor
679 574 994 643 ponderare.
1057 573 1159 627 hac
1203 575 1266 626 de
1306 592 1463 627 causa
1499 575 1555 626 in
1592 574 1860 643 plerisque

167 646 352 698 literae
399 645 739 714 duplicantur
786 648 1163 710 consonanteS,
1220 648 1281 697 ut·
1327 646 1508 698 cellum
1554 663 1651 713 pro
1700 646 1862 698 celum

169 720 222 768 et
245 716 423 769 uellim
446 734 544 784 pro
570 716 729 769 uelim
756 719 810 766 et
835 715 978 768 ollim
1002 732 1100 783 pro
1121 715 1261 768 olim.
1310 715 1646 768 inmotantur
1667 719 1858 780 autem,

167 791 229 838 ut
253 786 507 853 diximus,
546 804 643 855 per
666 786 1037 838 necessitatem
1063 785 1614 853 consuetudinariam,
1656 803 1776 838 cum
1801 785 1859 836 in

105 873 145 903 10
170 875 269 909 usu
307 856 599 908 habeamus
636 856 865 909 scribere
900 872 1086 923 sperno
1113 859 1166 908 et
1189 873 1339 909 cerno
1350 875 1368 920 ,·
1408 874 1527 908 cum
1552 855 1694 924 apud
1718 859 1862 908 uete-

168 945 251 979 res
278 926 550 979 Romanae
577 926 910 995 eloquentiae
937 926 1195 995 doctoreS‚
1230 928 1282 978 et
1307 943 1394 978 eos
1421 927 1703 994 praecipue
1729 943 1861 994 quos

169 997 517 1067 probabilitas
555 1015 771 1049 suarum
809 996 978 1049 claros
1016 996 1155 1064 apud
1194 1014 1378 1049 omnes
1411 996 1646 1048 efficeret
1671 995 1863 1048 doctri·

167 1086 384 1133 narum,
424 1084 571 1136 spero
611 1070 664 1119 et
699 1084 810 1120 cero
836 1067 967 1135 poni
999 1066 1190 1118 debere
1228 1084 1464 1134 sensere,
1503 1066 1799 1118 refutantes
1835 1082 1866 1117 r

170 1141 223 1190 et
258 1155 298 1191 ‘n
333 1138 532 1206 absque
577 1138 738 1190 ullius
786 1138 989 1189 uocalis
1035 1137 1408 1189 interiectione
1454 1137 1615 1189 scribi
1662 1137 1864 1204 pariter

107 1222 149 1253 15
170 1226 343 1277 posse.
410 1209 500 1261 sed
550 1208 673 1276 quia
719 1225 830 1261 cero
877 1211 929 1259 et
972 1224 1120 1274 spero
1167 1207 1328 1259 alium
1371 1207 1572 1259 habent
1618 1207 1865 1259 effectum

171 1282 320 1346 (nam
355 1296 503 1346 spero
542 1296 606 1330 ex
642 1294 730 1346 spe
766 1295 962 1330 nomen
996 1277 1221 1346 accepit,
1262 1280 1315 1329 et
1340 1295 1452 1331 cero
1479 1278 1625 1330 hunc
1650 1295 1865 1329 sensum

170 1349 332 1401 habet
379 1367 499 1402 cum
547 1349 664 1417 quis
710 1367 742 1400 a
779 1365 899 1401 cera
936 1347 1218 1418 conponit)
1264 1348 1460 1400 idcirco
1496 1365 1536 1401 n
1571 1348 1865 1400 necessarie

168 1419 350 1472 addita
387 1422 468 1472 est
505 1421 571 1471 ad
610 1419 930 1487 spretionem
971 1422 1025 1470 et
1061 1418 1127 1470 ad
1165 1421 1362 1471 certam
1399 1418 1677 1470 uisionem.

313 1489 657 1542 Inmotantur
705 1489 866 1542 etiam
909 1507 1006 1557 per
1052 1507 1239 1554 301103,
1297 1489 1422 1557 quia
1459 1489 1564 1540 duo
1601 1488 1867 1557 quaelibet

107 1573 148 1606 20
171 1561 335 1613 uerba
380 1560 588 1612 hisdem
634 1559 805 1612 literis
862 1562 916 1612 et
965 1559 1185 1628 syllabis
1232 1559 1563 1624 scribuntur,
1617 1558 1704 1611 sed
1754 1576 1866 1611 non

175 1631 397 1683 eundem
443 1630 645 1683 habent
693 1630 940 1682 effectum
985 1632 1047 1682 ut
1093 1630 1198 1698 Zeyo
1236 1630 1370 1697 leym
1418 1647 1554 1698 quae
1590 1629 1695 1680 nisi
1733 1646 1866 1680 sono

172 1701 400 1753 discreta
453 1701 679 1769 fuerint,
748 1700 1142 1754 confusibiliter
1198 1699 1488 1770 diligentur
1507 1740 1521 1767 ‚
1583 1702 1867 1768 propterea

173 1773 279 1839 leyo
317 1790 381 1823 ex
417 1771 648 1824 lectione
685 1771 741 1822 in
781 1773 953 1839 prima
992 1770 1198 1839 syllaba
1224 1774 1455 1826 acuetur.
1517 1787 1645 1822 nam
1671 1770 1776 1838 Zeyo
1804 1787 1868 1821 ex

171 1842 438 1911 legatione
477 1842 534 1893 in
571 1842 754 1894 eadem
787 1841 991 1909 syllaba
1016 1841 1345 1909 corripietur.
1404 1843 1680 1893 motantur
1706 1839 1867 1892 etiam

108 1925 150 1956 25
172 1930 268 1981 per
315 1930 502 1964 sensus
545 1929 645 1964 nec
691 1917 825 1964 sorio
874 1930 974 1964 nec
1020 1911 1224 1980 syllaba
1269 1928 1368 1963 nec
1413 1911 1569 1963 litera
1616 1910 1869 1962 distantia

172 1985 232 2034 ut
269 1983 416 2035 credo
454 1983 617 2034 creda
679 2000 805 2034 nam
842 1983 990 2035 credo
1028 1983 1091 2033 de
1129 1980 1441 2034 credulitate
1466 1981 1684 2047 dicitur,
1724 1979 1868 2048 quod

173 2053 421 2105 omnibus
460 2052 659 2104 clarum
698 2055 857 2120 atque
894 2051 1235 2119 propatulum
1271 2054 1367 2103 est.
1426 2054 1506 2103 est
1532 2051 1694 2103 etiam
1719 2051 1866 2103 credo

172 2123 303 2175 iuris
341 2121 576 2186 iurandi,
624 2122 774 2174 cuius
822 2122 1065 2189 exempla
1103 2121 1253 2191 (quia
1290 2121 1504 2173 fortasis
1544 2121 1663 2172 aliis
1700 2120 1867 2172 inusi-

173 2197 345 2246 tatum
405 2192 509 2263 est)
569 2192 914 2261 proferemus·
995 2191 1325 2260 Virgilius
1381 2191 1636 2243 Troianae
1693 2191 1867 2242 scolae

112 2277 153 2310 30
177 2263 366 2316 doctor
413 2265 600 2316 contra
637 2262 909 2315 Romanos
957 2262 1193 2314 scribens
1232 2279 1427 2330 eosque
1464 2261 1717 2314 falsitatis
1755 2278 1868 2313 esse

177 2351 433 2404 arguens„
472 2334 550 2386 ita
586 2333 786 2386 influit:
827 2350 856 2386 o
893 2333 1153 2398 Romani,
1194 2349 1288 2385 cur
1322 2336 1527 2386 uestrae
1562 2333 1870 2385 inmemores

290 2506 311 2543 1
344 2501 559 2545 menibus
590 2500 642 2544 N
669 2502 684 2557 ΙΙ
716 2506 741 2545 5
769 2514 961 2544 nomero
992 2499 1050 2544 N
1071 2502 1087 2556 ΙΙ
1115 2505 1140 2543 6
1172 2513 1226 2544 ac
1256 2500 1312 2544 N
1332 2501 1348 2555 ΙΙ
1379 2505 1402 2542 7
1434 2499 1642 2543 litterate
1672 2498 1729 2543 N
1753 2510 1867 2545 corr.

174 2557 281 2601 Mai
309 2559 324 2613 ΙΙ
353 2556 555 2601 caellum
592 2557 646 2602 N
673 2559 689 2613 ΙΙ
722 2562 772 2600 12
811 2557 964 2601 clarus
998 2557 1055 2601 N
1077 2558 1093 2612 ΙΙ
1123 2556 1333 2600 efficeret
1369 2555 1427 2599 N
1432 2558 1467 2608 ¹,
1515 2557 1590 2599 —at
1624 2568 1739 2599 corr.
1771 2557 1787 2610 ΙΙ
1819 2560 1870 2598 13

176 2626 364 2657 censere
396 2612 448 2656 N
481 2614 497 2669 ΙΙ
535 2617 587 2657 16
620 2614 696 2669 ex]
731 2614 780 2657 et
805 2613 860 2657 N
886 2625 999 2657 corr.
1020 2613 1129 2657 Mai
1163 2614 1178 2667 ΙΙ
1217 2617 1267 2656 17
1299 2612 1410 2655 abet
1439 2611 1496 2655 N
1524 2613 1540 2668 ΙΙ
1579 2617 1630 2656 18
1672 2611 1870 2654 ‘tionem

174 2668 246 2721 N,
288 2670 574 2724 spretionem
601 2669 729 2722 Mai,
775 2669 858 2725 qui
887 2669 998 2713 add.
1030 2669 1387 2726 significandam
1417 2669 1432 2724 ΙΙ
1466 2673 1517 2712 19
1546 2681 1637 2723 que
1755 2678 1869 2712 corr.

174 2724 282 2768 Mai
318 2726 333 2780 ΙΙ
372 2730 426 2768 20
469 2726 532 2790 615]
575 2727 629 2769 ut
672 2724 743 2779 N,
790 2739 843 2769 ac
886 2725 996 2768 Mai
1033 2726 1048 2781 ΙΙ
1087 2730 1140 2768 22
1186 2725 1341 2769 fierint
1382 2724 1438 2768 N
1468 2725 1483 2780 ΙΙ
1520 2723 1771 2779 diligenter
1806 2721 1870 2773 N,

175 2780 393 2879 {icentur
404 2781 529 2880 βίαι
550 2782 566 2837 Ι]
587 2786 641 2826 23
671 2795 784 2824 num
815 2780 873 2825 N
887 2782 902 2836 ss
925 2785 978 2827 28
1007 2781 1119 2824 iuris
1150 2780 1347 2825 iurando
1379 2780 1434 2824 N
1450 2781 1465 2835 ΙΙ
1488 2785 1539 2824 31
1571 2779 1757 2822 imfiunt
1777 2776 1868 2834 ΝΗ

219 2850 376 2881 amam
457 2875 467 2885 ‚
