1980 3134
221 97 321 150 108
594 94 851 140 VIRGILII
880 93 1156 139 MARONIS
1186 93 1535 143 EPISTOLAE.

218 225 278 274 ut
313 223 616 275 renouatior
654 225 835 275 secuta
873 224 1012 274 esset
1047 224 1242 274 natura
1277 221 1505 291 legentis
1530 221 1908 275 uicissitudini-

218 294 345 358 bus,
397 293 652 346 librorum
702 310 914 345 suorum
953 292 1260 360 frequenter
1305 293 1475 344 diuisa
1526 292 1911 362 intercapitant

219 364 494 433 opuscula3
546 363 896 432 legendorum
943 362 1006 415 de
1053 379 1191 414 nouo
1240 363 1388 415 uelut
1424 363 1642 415 alterius
1680 362 1908 416 recentis

219 435 393 502 operis
433 433 649 486 exordia
686 433 971 485 uerborum
1004 450 1100 501 pro
1126 433 1476 486 accendendis
1505 433 1747 486 sensibus
1774 452 1909 487 com-

176 505 322 556 5tius
360 504 744 572 facundiusque
785 506 1109 572 conponunt.

358 573 537 626 Haues
585 574 854 642 ogduades
902 574 1205 626 orationum
1242 575 1422 642 partes
1461 573 1667 626 octenis
1703 591 1789 626 me
1827 592 1913 627 ex-

217 644 515 712 positurum
570 644 772 713 tibique
822 645 1127 696 missurum:
1175 647 1354 711 tuum,
1408 645 1676 697 carissime
1727 644 1910 708 frater,

217 717 279 765 ut
325 714 432 766 tuis
478 715 773 767 inremissis
823 716 890 767 ad
936 714 1209 767 dominum
1245 714 1536 767 fundendis
1577 714 1912 767 orationibus

217 784 391 848 iuueS‚
431 787 490 837 ut
526 803 637 837 non
676 786 848 841 solum
885 785 943 837 in
981 803 1138 853 opere
1174 786 1443 854 praesenti
1481 785 1743 838 sermonis
1781 785 1937 841 mihi.

157 872 196 903 10
220 855 419 908 tribuat
465 856 925 925 opportunitatem
969 855 1060 908 ille
1100 858 1189 924 qui
1225 873 1354 924 prae
1394 857 1602 908 cunctis
1639 855 1912 908 hominem

216 925 362 994 loqui
409 927 768 978 animantibus
814 926 1188 988 rationabilem
1234 926 1387 991 fecit,
1436 944 1621 978 uerum
1660 927 1820 978 etiam
1856 926 1914 978 in

218 996 464 1048 omnibus
510 997 643 1049 actis
691 997 821 1049 meis
859 1014 1161 1048 mensuram
1201 996 1544 1064 capissendae
1581 997 1823 1048 ueritatis
1862 1005 1915 1048 et

217 1066 339 1118 fidei
376 1084 645 1134 normam,
686 1085 789 1135 qua
827 1068 968 1120 credi
997 1071 1050 1119 et
1076 1067 1343 1120 obsecrari
1369 1067 1584 1132 debeat,
1628 1066 1915 1119 clementer

219 1136 527 1206 elargiatur.
613 1138 754 1207 quod
815 1139 921 1189 tuis
983 1137 1255 1206 precibus,
1318 1137 1651 1189 sanctissime
1714 1136 1917 1190 Christi

156 1217 195 1248 15
219 1207 490 1274 minister,
538 1226 623 1259 me
671 1225 783 1260 non
834 1207 1018 1260 dubito
1066 1207 1435 1259 obtenturum:
1486 1211 1547 1259 ut
1584 1207 1675 1276 qui
1711 1207 1770 1259 in
1805 1225 1915 1259 una

221 1276 419 1330 Christi
467 1278 659 1330 militia
706 1279 925 1331 tertium
964 1278 1349 1330 ecclesiasticae
1388 1277 1664 1347 dignitatis
1704 1278 1913 1330 obtines

219 1348 472 1416 gradum,
528 1348 586 1400 in
634 1349 804 1401 tribus
852 1348 1063 1400 diuinae
1110 1349 1370 1400 unitatem
1427 1349 1753 1401 substantiae
1801 1366 1916 1417 per·

221 1419 363 1470 sonis
392 1419 797 1471 coaeternaliter
822 1419 1201 1471 subsistentem
1217 1460 1230 1486 ,
1267 1421 1327 1470 ut
1351 1418 1768 1471 misericordiam
1795 1436 1911 1471 con-

219 1506 408 1557 sequar
447 1491 744 1557 aeternam,
782 1508 902 1542 mea
937 1507 1034 1558 pro
1072 1489 1386 1542 infirmitate
1420 1491 1473 1541 et
1495 1490 1766 1558 inpetrare
1803 1489 1916 1559 dig-

157 1565 197 1598 20
221 1559 380 1612 neris,
443 1560 581 1612 uale.
645 1560 824 1630 gratia
860 1564 1050 1613 tecum.

336 1748 355 1786 1
388 1724 645 1796 ren⁰uatior
676 1743 796 1786 sicut
814 1756 871 1793 κγ
890 1742 945 1787 Ν
962 1744 977 1799 ΙΙ
999 1747 1025 1786 4
1048 1742 1323 1786 accedendis
1342 1743 1398 1786 N
1413 1755 1526 1786 corr.
1547 1741 1653 1786 Mai
1673 1742 1690 1798 ΙΙ
1713 1746 1738 1785 5
1758 1740 1915 1786 facun-

219 1807 427 1882 digisque
443 1827 499 1870 N
515 1828 531 1882 ΙΙ
553 1831 578 1870 6
595 1827 755 1926 ὴανεεέ
771 1827 858 1870 has
874 1827 1111 1893 (zliabes)
1126 1827 1182 1870 N
1192 1828 1402 1895 sequitur
1414 1839 1502 1873 ras,
1521 1829 1553 1870 2
1569 1826 1665 1890 {fit-t..
1680 1826 1695 1882 ΙΙ
1719 1824 1912 1890 7131111111]

221 1885 292 1927 est
310 1884 617 1939 supplendum
639 1884 654 1939 u
676 1888 702 1927 8
753 1884 982 1926 undandis
1016 1883 1082 1935 (d1
1103 1897 1158 1927 ex
1180 1888 1316 1930 corr.)
1346 1883 1389 1926 111
1419 1884 1434 1939 ΙΙ
1458 1887 1508 1925 16
1529 1882 1700 1926 mihtia
1721 1881 1770 1938 (1ί
1793 1895 1847 1926 em
1868 1888 1913 1936 a)

219 1939 275 1983 N
291 1941 306 1996 ΙΙ
329 1939 646 1983 ecclesiastice
677 1939 732 1982 N
749 1941 764 1996 ΙΙ
787 1940 970 1983 obtines
1003 1942 1075 1995 (esc
1106 1939 1319 1992 obtenes)
1350 1939 1412 1982 N.
