1980 3134
756 765 1190 821 PRAEFATIO.

267 912 540 947 mammos
566 913 709 946 MARo
737 911 882 946 mmo
912 912 1157 946 GERMANO
1184 913 1417 947 DIAOONO
1446 912 1697 948 SALUTEM.
1758 894 1820 946 In

126 965 447 1017 Graecorum
502 964 729 1032 legimus
777 963 1015 1016 historiis
1063 968 1241 1016 uatem
1290 965 1552 1033 quendam
1600 965 1820 1033 Tarqui-

123 1035 273 1087 nium
327 1052 428 1087 con
475 1034 666 1086 Persas
712 1034 1005 1097 exstitisse,
1064 1034 1155 1103 qui
1204 1035 1453 1104 quicquid
1499 1035 1820 1087 uaticinatus

123 1106 311 1158 fuisset
357 1104 567 1157 tabellis
618 1109 671 1157 et,
707 1104 960 1157 codiculis
998 1105 1347 1174 inprimebat‚
1395 1106 1563 1157 donec
1602 1110 1821 1158 euentus

122 1177 237 1244 ipse
293 1176 570 1244 probarem
634 1193 738 1244 quo
786 1175 1032 1244 conpleto
1082 1176 1278 1244 scripta
1323 1175 1604 1244 prodebat.
1678 1177 1821 1228 inter
1865 1192 1884 1223 5

123 1264 259 1315 quae
286 1246 553 1315 quoddam
578 1246 821 1298 mirabile
850 1245 1191 1314 prophetauit
1217 1264 1491 1314 arcanum,
1532 1247 1671 1314 quod
1698 1248 1823 1315 quia

123 1317 297 1369 adhue
353 1334 461 1368 non
521 1316 737 1368 uidebat
781 1316 1043 1385 inpletum
1089 1335 1253 1385 usque
1302 1317 1367 1368 ad
1414 1321 1638 1369 mortem
1686 1318 1822 1369 nulli

123 1387 294 1439 uoluit
331 1386 625 1439 ostendere.
682 1405 867 1440 uerum
904 1405 1042 1455 pene
1067 1388 1183 1455 ipso
1210 1387 1318 1453 die,
1359 1405 1463 1456 quo
1489 1388 1634 1439 uitae
1659 1389 1821 1439 finem

121 1458 272 1525 fecit,
317 1476 481 1510 unum
522 1475 585 1510 ex
622 1459 730 1510 suis
766 1458 983 1510 uocauit
1020 1458 1291 1526 discipulis
1330 1458 1619 1526 adsignans
1657 1459 1704 1510 ei
1742 1462 1821 1510 ta-

122 1529 317 1580 bellam
366 1530 419 1580 el:
465 1529 672 1581 dicens:
728 1534 823 1581 hea
869 1545 972 1592 me,
1019 1529 1118 1581 hen
1164 1545 1268 1594 me,
1317 1545 1344 1580 ο
1380 1529 1482 1596 fili,
1531 1530 1660 1595 qaia
1696 1529 1822 1582 haec
1844 1545 1884 1576 10

121 1600 320 1666 scripta
357 1600 592 1652 nondum
627 1599 825 1666 inpleta
860 1600 1016 1652 sunt!
1049 1599 1178 1666 felia:
1215 1603 1262 1651 et
1297 1600 1474 1652 beatas
1510 1600 1610 1652 erit
1646 1601 1822 1666 quiin

121 1670 229 1722 illis
273 1670 469 1722 aiacerit
511 1670 826 1736 temporibus
833 1709 848 1737 ‚
905 1670 1093 1736 quibas
1147 1670 1273 1722 haec
1318 1670 1606 1737 conplenda
1652 1674 1818 1736 erant,

122 1756 256 1807 qaae
292 1740 352 1792 in
389 1740 489 1792 hac
533 1740 736 1793 aisione
774 1741 1117 1793 continentur.
1182 1739 1315 1792 haee
1352 1740 1486 1791 uisio
1524 1739 1650 1791 talis
1689 1742 1818 1793 erat.

120 1811 237 1863 aidi
287 1810 363 1861 ait
408 1810 546 1862 uatis
604 1811 899 1863 inmensam
943 1811 1140 1878 flumen
1190 1811 1251 1863 de
1298 1811 1436 1864 caelo
1483 1811 1652 1877 fluens
1698 1811 1817 1874 alto,

121 1884 168 1933 et
204 1881 296 1933 hoc
330 1881 527 1947 flamen
562 1884 752 1933 ninam
789 1885 918 1934 erat.
991 1882 1160 1934 aliam
1196 1898 1395 1948 qaoque
1430 1882 1669 1934 riualam
1704 1882 1821 1933 aidi
1844 1897 1884 1928 15

122 1968 147 2004 e
184 1955 355 2005 terrae
390 1955 698 2004 manantem
725 1953 917 2018 petriS,
968 1955 1014 2004 et
1049 1951 1132 2004 hic
1177 1953 1388 2004 rimulas
1433 1955 1542 2003 tam
1589 1955 1698 2004 orto
1740 1952 1819 2003 ia-

123 2021 244 2074 bari
286 2022 410 2075 solis
456 2025 643 2089 raptas
690 2026 762 2075 est
807 2022 923 2090 [ille
967 2022 1209 2091 riuulas]
1256 2022 1469 2075 obuiam
1504 2022 1716 2088 flamini
1754 2022 1819 2074 ab

123 2092 227 2145 alto
284 2092 503 2158 labenti,
562 2096 609 2145 et
663 2093 854 2146 collecti
899 2094 957 2145 in
1006 2108 1173 2144 anani
1217 2093 1376 2160 fluuii
1424 2093 1613 2144 ninam
1659 2093 1821 2158 effecti

121 2166 272 2226 sunt‚·
310 2166 356 2215 et
390 2179 558 2215 annm
594 2167 709 2215 erat
742 2163 939 2230 flumen
976 2166 1023 2215 et
1045 2164 1224 2215 riuum
1251 2163 1456 2229 inplens
1482 2179 1544 2214 ac
1568 2163 1816 2228 tellurem,

122 2233 181 2284 in
219 2249 318 2298 qao
356 2234 625 2285 innumeri
661 2235 790 2300 ayni
826 2237 873 2285 et
907 2231 1069 2285 uitali
1102 2232 1374 2299 ludebant,
1415 2233 1734 2299 bibentesque
1759 2249 1821 2285 ex
1843 2250 1884 2282 20

122 2319 178 2355 eo
214 2303 465 2355 inebriati
489 2303 866 2370 epithalamion
892 2304 1162 2370 canebant,
1199 2307 1246 2356 et
1276 2320 1453 2357 eoram
1479 2303 1666 2355 andita
1699 2319 1820 2355 uoce

123 2373 321 2426 caelum
358 2389 423 2425 ac
460 2377 602 2425 terra
630 2375 840 2440 pariter
877 2374 1073 2426 laetata
1109 2378 1247 2426 sant.

237 2553 465 2597 INCIPIT
496 2552 844 2597 PRAEFATIO
875 2553 1148 2600 MARONIS
1179 2554 1235 2597 N
1259 2555 1274 2609 ιι
1305 2559 1328 2596 2
1358 2527 1644 2610 tarquinium
1674 2555 1731 2599 N
1755 2556 1770 2611 ιι
1793 2560 1818 2598 3

125 2664 212 2695 eon
243 2651 298 2696 N
315 2653 330 2707 ΙΙ
359 2652 582 2708 quiequid
611 2652 668 2696 N
692 2653 707 2708 ΙΙ
738 2658 764 2695 5
794 2640 1019 2708 probat-elz
1049 2653 1093 2706 (>
1126 2667 1182 2699 m
1215 2653 1298 2708 al.)
1328 2652 1384 2695 N
1407 2653 1423 2709 ΙΙ
1454 2657 1480 2696 8
1511 2653 1625 2696 di*e
1656 2653 1743 2710 ΝΙΙ
1768 2658 1818 2697 16

122 2719 393 2788 manentem
423 2736 478 2780 N
494 2737 509 2792 ΙΙ
535 2741 586 2780 18
614 2740 716 2792 post
737 2736 923 2780 collecti
943 2750 1034 2784 ras
1055 2738 1172 2780 2—-3
1183 2737 1289 2826 hlitt.
1320 2738 1392 2828 inf¹
1401 2737 1458 2780 N
1473 2738 1489 2794 ΙΙ
1510 2742 1564 2782 20
1593 2738 1819 2782 ludebant:

125 2819 188 2873 (lu
206 2832 322 2864 corr.
339 2834 395 2864 ex
411 2819 474 2875 vi)
491 2821 546 2865 N
562 2821 591 2876 ΙΙ
600 2821 710 2876 que]
735 2833 854 2875 quae
871 2820 927 2863 N
943 2821 958 2876 ΙΙ
980 2825 1028 2864 21
1052 2794 1209 2876 ephith
1212 2805 1366 2865 alam'l
1369 2806 1462 2866 uN
1477 2822 1494 2877 Η
1516 2827 1568 2865 22
1590 2822 1816 2870 letataN
