1980 3134
759 109 794 158 1
839 108 919 153 DE
950 108 1205 154 NOMINE.
1729 113 1827 166 117

138 235 352 306 regulas
391 237 693 305 multasque
730 253 914 288 causas
952 236 1131 289 habet.
1195 236 1467 290 enimuero
1493 241 1703 307 praeter
1727 240 1829 292 ori-

138 306 372 375 ginalem
419 306 564 358 illam
613 324 772 374 quam
820 307 947 358 trito
996 324 1179 359 omnes
1216 325 1460 360 sermone
1499 311 1552 360 et
1589 311 1829 362 oratione

137 377 412 444 locuntur,
458 377 512 428 id
562 380 642 429 est
688 394 808 428 cum
856 376 1120 428 ablatiuus
1170 395 1348 430 cassus
1388 378 1675 448 singularis
1713 380 1770 431 in
1808 381 1830 433 i

136 447 283 509 finit,
332 446 407 498 sic
455 464 518 498 ex
555 447 675 498 aliis
714 447 855 516 ergis
893 447 1173 515 genetiuus
1211 448 1268 500 in
1303 449 1415 500 ium
1452 449 1649 517 plurali
1684 450 1829 502 finiri

138 517 295 579 solet,
335 533 454 568 cum
492 517 578 568 uel
615 516 669 568 in
712 516 842 568 duas
881 517 1227 569 semiuocales
1265 519 1631 572 nominatiuus
1667 519 1830 572 fuerit
1871 534 1892 566 5
1955 583 1960 586 ι

134 557 476 649 terminatu8‚
516 604 651 655 quae
690 591 815 639 sunt
850 603 914 640 ns
952 591 1005 639 et
1039 604 1121 655 rs,
1161 591 1215 639 et
1251 588 1513 641 ablatiuus
1552 607 1731 642 cassus
1769 591 1827 642 in

135 674 161 710 e
186 656 477 708 desinuerit
502 661 561 708 ut
585 674 755 721 mons,
796 674 909 722 ars,
948 674 1085 724 sors,
1125 674 1289 724 mom,
1310 661 1572 726 maciem,
1598 662 1825 727 sepiem,

134 729 344 794 iilam,-
383 730 436 778 et
461 726 698 779 ablatiuo
725 731 910 795 monte,
951 731 1076 795 arte,
1105 729 1321 796 (sorte),
1348 734 1523 795 morte,
1553 732 1825 797 prudente,

133 798 392 865 sapiente,
428 798 648 864 ingente.
706 815 817 849 non
855 815 982 865 ergo
1021 798 1179 850 debet
1216 798 1318 850 dici
1356 799 1589 851 ablatiuo
1626 801 1692 853 ab
1729 801 1829 854 hae

134 869 243 920 arti
280 866 366 918 uel
403 869 588 934 monti,
629 867 754 919 licet
791 871 843 919 et
880 868 982 920 hoo
1017 868 1232 936 quidam
1257 870 1653 937 corruptissime
1681 871 1822 922 dixe·
1851 887 1890 918 10

133 938 259 990 rint
323 940 377 989 et
413 939 665 1007 genetiuo
703 938 899 1006 plurali
937 939 1013 990 sio
1051 938 1360 990 dicendum:
1411 942 1698 1007 montium,
1738 958 1827 994 ar-

134 1009 291 1071 tium,
337 1009 605 1074 partium,
655 1009 927 1071 mortium,
956 1009 1329 1076 prudentium,
1367 1011 1710 1076 sapientiam,
1749 1029 1828 1063 m-

129 1079 380 1145 ‚qentiam
429 1078 590 1130 tertia
617 1081 794 1130 autem
822 1078 1033 1130 additur
1057 1078 1257 1158 regula,
1285 1079 1351 1130 ob
1379 1097 1535 1148 quam
1563 1081 1827 1132 ablatiuus

134 1165 312 1201 cassus
361 1150 419 1200 in
456 1166 482 1201 e
518 1151 572 1200 et
617 1148 922 1229 genetiuus·
950 1166 1127 1201 cassus
1173 1149 1231 1201 in
1278 1150 1390 1201 ium
1427 1150 1668 1219 finiatur,
1707 1168 1826 1203 cum

135 1219 349 1284 generis
386 1218 634 1270 feminini
670 1237 869 1271 nomen
906 1219 962 1270 in
1002 1237 1027 1271 e
1064 1222 1361 1287 correptam
1401 1220 1637 1273 ablatiuo
1677 1238 1826 1273 cassu
1852 1230 1892 1262 15

133 1287 451 1354 desinuerit,
498 1292 559 1340 ut
606 1290 672 1342 ab
721 1289 822 1341 hae
869 1290 1036 1354 clade,
1087 1290 1153 1342 ab
1200 1290 1299 1342 hae
1337 1291 1573 1356 ciuitate,
1625 1292 1691 1343 ab
1728 1291 1828 1344 hae

131 1360 349 1426 uirtute,
399 1359 465 1412 ab
511 1359 612 1411 hae
657 1360 806 1422 arbe,
861 1360 927 1412 ab
965 1359 1065 1412 hae
1095 1360 1266 1426 fame,
1317 1360 1382 1413 ab
1420 1361 1519 1413 hae
1554 1361 1709 1424 mole,
1762 1362 1827 1413 ab

131 1429 231 1482 hae
277 1431 465 1497 quiete,
520 1431 573 1481 et
618 1430 927 1498 genetiuum
965 1429 1223 1497 pluralem
1262 1430 1315 1480 in
1357 1431 1470 1483 ium
1507 1431 1731 1483 mittunt
1768 1434 1829 1483 ut

131 1500 390 1566 cladium,
444 1499 767 1565 ciuitatium,
805 1501 1114 1564 uirtutium,
1152 1500 1391 1566 urbiam,
1426 1501 1682 1569 samium,
1719 1518 1827 1554 mo-

133 1570 287 1636 lium,
329 1571 665 1638 (quietam).
729 1569 859 1622 haee
898 1570 961 1622 de
1000 1570 1271 1638 genetiuo.
1851 1586 1893 1618 20

274 1640 436 1693 Nunc
474 1641 686 1692 datiuus
723 1658 904 1692 cassus
943 1640 1069 1708 quid
1109 1640 1380 1707 ostendat,
1428 1657 1491 1691 ex
1529 1658 1712 1692 eorum
1751 1658 1828 1692 se-

132 1711 403 1778 quendum
442 1712 524 1762 est
560 1710 762 1779 regulis
802 1714 855 1762 et
891 1710 1092 1772 11611118,
1135 1710 1227 1778 qui
1265 1710 1329 1761 de
1367 1710 1593 1779 singulis
1632 1711 1827 1762 artium

130 1781 428 1832 rationibus
466 1780 586 1848 lege
635 1784 688 1832 et
733 1780 950 1832 adsidue
997 1781 1135 1832 sicut-
1182 1779 1481 1832 didicerunt
1517 1781 1594 1832 ita
1632 1784 1686 1833 et
1722 1783 1828 1832 tra-

132 1851 405 1902 diderunt:
440 1852 655 1904 elatiuas
689 1850 941 1919 inquiunt
975 1867 1152 1903 cassus
1186 1850 1573 1903 uernaculatim
1609 1851 1828 1903 uerbum

129 1922 366 1974 neutrale
413 1922 747 1976 demonstrat.
812 1920 904 1972 sed
951 1923 1133 1973 tamen
1170 1938 1278 1972 non
1316 1937 1411 1988 per
1450 1921 1631 1972 omnia
1666 1920 1829 1972 uerba
1850 1935 1893 1969 25

129 2009 231 2043 1160
269 2009 446 2044 cassus
485 1991 616 2043 haee
653 1992 840 2060 regula
877 1990 1138 2043 seruanda
1176 1994 1280 2057 est,
1321 1990 1365 2042 si
1404 1990 1723 2058 specialibus
1749 1991 1828 2042 in-

130 2062 425 2130 1161111111118,
483 2062 958 2114 consuetudinibus
1014 2061 1419 2129 rationibusque
1471 2061 1661 2124 seruit,
1719 2061 1826 2112 acsi

131 2132 274 2184 dieas
316 2133 495 2199 placeo
540 2133 661 2196 tibi,
710 2132 950 2199 displiceo
988 2133 1109 2197 tibi,
1154 2132 1357 2198 yaadeo
1395 2131 1490 2183 tibi
1526 2134 1580 2182 et
1617 2130 1826 2183 similia.

130 2201 339 2254 datiuus
368 2219 547 2254 cassus
573 2202 629 2254 in
655 2204 678 2255 i
702 2220 911 2270 semper
937 2203 1055 2254 aeui
1082 2201 1263 2259 debet,
1305 2203 1525 2268 excepto
1552 2200 1645 2252 illo
1674 2218 1828 2252 cassu

127 2274 221 2340 qui
267 2275 522 2340 quattuor
571 2272 790 2341 syllabis
836 2275 1170 2335 numeratur,
1226 2271 1302 2323 ita
1349 2270 1625 2322 dumtaxat
1669 2273 1731 2322 ut
1767 2270 1824 2321 in
1848 2291 1891 2324 30

128 2343 463 2394 nominatiuo
499 2345 609 2394 tres
649 2342 882 2410 syllabae
921 2343 1029 2393 sint
1064 2342 1271 2410 positae
1310 2343 1368 2392 ut
1395 2344 1645 2407 potestaS‚
1695 2342 1824 2392 eiai-

131 2416 241 2479 tas,
273 2413 469 2480 pietaS,
517 2413 752 2466 claritas.
816 2412 859 2462 si
896 2415 1076 2463 autem
1115 2410 1492 2478 dissyllabatus
1529 2410 1693 2461 fuerit
1727 2427 1825 2461 no-

128 2482 418 2534 minatiuus
467 2499 646 2534 cassus
693 2482 1083 2550 singularis‚e
1056 2484 1109 2533 et
1144 2484 1367 2548 utraque
1406 2480 1609 2547 syllaba
1647 2479 1825 2531 breuis

242 2682 264 2720 1
295 2691 316 2719 s
347 2677 518 2720 multas
547 2676 604 2741 N
619 2677 626 2732 Ι
657 2681 682 2719 2
700 2677 730 2719 f.
765 2689 1002 2719 sermones
1034 2677 1082 2719 et
1112 2681 1254 2720 onore
1287 2676 1335 2719 et
1354 2675 1572 2719 locuntur
1599 2674 1655 2718 N
1671 2675 1687 2730 ΙΙ
1707 2679 1735 2718 4
1766 2674 1828 2717 sit

129 2747 185 2777 ex
217 2734 301 2777 alis
330 2733 387 2777 N
403 2735 418 2789 ΙΙ
438 2734 554 2790 ium]
585 2733 603 2775 i
692 2745 806 2777 corr.
831 2732 937 2775 Mai
957 2733 973 2788 11
995 2737 1020 2776 5
1051 2731 1237 2775 vocales
1267 2732 1382 2774 semi
1402 2731 1458 2774 N
1473 2731 1489 2787 ΙΙ
1510 2736 1564 2774 20
1595 2729 1825 2786 quietium

126 2789 396 2890 ἕέδιξὶιὲῗ
419 2791 434 2846 ss
472 2794 525 2832 22
564 2788 738 2845 regalis
775 2788 831 2832 N
863 2790 880 2844 ΙΙ
910 2792 963 2831 26
999 2789 1167 2844 regula
1205 2800 1318 2832 corr·
1356 2801 1413 2832 ex
1449 2745 1626 2843 regale
1647 2786 1702 2830 N
1725 2788 1742 2842 ΙΙ
1771 2791 1825 2829 29
