1980 3134
729 71 784 120 v,
834 70 915 115 DE
944 71 1196 117 NOMINE.
1742 77 1812 129 35

115 216 228 251 rem
265 199 634 268 rationemque
671 197 909 267 distaret,
947 198 1132 251 habito
1159 198 1390 267 suspirio
1414 199 1631 252 tandem
1656 217 1809 269 prae-

116 269 272 322 dixit:
314 270 443 337 qnid
475 268 649 337 inquit
683 285 713 322 o
748 269 830 336 fili
862 268 1082 322 attinet?
1126 270 1176 323 si
1209 269 1349 324 enim
1383 273 1640 338 statuero,
1677 272 1813 325 sient

113 341 266 405 noui,
316 341 448 407 qaid
481 339 742 407 proderit,
789 355 908 392 eam
945 340 1124 393 omnia
1159 341 1507 394 instrumenta
1542 342 1809 395 ‘maiorum

112 411 197 464 nel
232 411 495 479 iynoratio
521 409 830 463 scribtornm
866 410 950 463 ‘an
984 411 1258 464 uetustatis
1293 412 1600 465 consuetudo
1626 413 1807 466 turba-

112 482 264 534 uerit.
336 497 521 534 nerum
567 484 743 534 tamen
779 480 910 547 qnia
947 480 1042 534 tibi
1077 497 1267 549 roqare
1301 482 1479 536 uisum
1514 485 1614 550 est,
1652 483 1805 536 andi:
1850 502 1870 534 5

111 553 250 604 ratio
296 554 370 605 est
412 551 662 618 quiequid
708 551 782 605 ad
815 550 1068 604 iudicium
1106 568 1169 604 ao
1205 553 1561 606 discretionem
1595 556 1803 620 speetat.
1873 559 1887 565 “

111 637 276 675 cansa
314 621 505 689 duplex
540 625 628 689 est,
668 625 763 675 ant
797 622 939 674 enim
975 622 1037 675 de
1071 624 1374 676 causatione
1399 627 1496 676 aut
1518 624 1579 676 de
1604 623 1808 676 cantela

111 693 318 745 dieitur.
391 707 475 745 res
519 695 694 745 antem
736 692 1052 759 yeneraliter
1097 693 1415 761 intelteyitnr
1462 693 1714 760 quicquid
1746 695 1807 746 in

110 763 298 815 mandi
351 766 595 817 ereatura
642 766 739 815 ant
783 766 959 816 actam
1003 763 1074 815 sit
1118 768 1214 817 ant
1260 765 1499 818 accidens
1541 767 1803 817 uersatur.

108 832 250 956 1136ιῖ1
265 835 551 903 Aeneas;
589 850 733 885 nune
771 850 919 886 cassu
959 850 1132 885 sermo
1168 834 1329 902 paulo
1355 834 1569 903 longius
1604 836 1805 902 protra-
1829 855 1870 888 10

107 904 214 956 hen
253 921 315 955 us
353 905 450 956 est.

251 972 418 1027 Casus
456 976 581 1026 sunt
614 991 731 1026 sex:
770 973 975 1042 quare?
1031 974 1158 1042 quia
1196 992 1287 1027 sex
1311 974 1533 1044 negotia
1561 974 1804 1027 homines

106 1046 278 1167 33¹5ssss
291 1044 629 1184 25²⁰&ss
659 1044 1801 1184 {Zssffssafissn‘ssassssssffissussssssffiuffifemffi'

105 1185 397 1239 minatiuus
434 1186 519 1239 hio
544 1184 703 1239 Plato
728 1186 875 1250 dicit,
914 1186 1183 1256 genitiuus
1208 1186 1367 1240 huius
1395 1186 1642 1240 Platonis
1666 1186 1805 1239 dieta
1827 1199 1868 1233 15

101 1256 335 1324 fuerant,
374 1255 587 1308 datiuus
623 1257 742 1309 haio
765 1256 981 1310 Platoni
1007 1257 1213 1325 placuit
1246 1257 1428 1324 dicere,
1469 1256 1804 1310 aecusatiuus

105 1327 243 1380 hano
292 1326 576 1382 Platonem
616 1326 796 1393 ferant
831 1327 1052 1392 dixisse,
1100 1328 1380 1381 uocatiuus
1416 1345 1445 1381 o
1484 1327 1646 1381 Plato
1683 1344 1804 1380 aere

106 1398 303 1466 dixisti,
341 1397 608 1450 ablatiuus
645 1397 712 1451 ab
748 1398 841 1450 hoe
879 1397 1104 1452 Platone
1140 1399 1334 1451 dietum
1367 1398 1551 1464 fertur.
1616 1397 1679 1449 de
1717 1414 1802 1449 36-

111 1468 350 1521 cusatiuo
389 1486 538 1521 cassu
578 1471 857 1536 quaerunt,
898 1467 1027 1537 quid
1065 1469 1149 1521 sii.
1217 1469 1458 1537 plerique
1493 1470 1801 1521 nostrorum

107 1537 206 1591 hoe
258 1539 483 1591 uerbum
537 1538 846 1607 frequenter
898 1539 1167 1592 triuerunt
1220 1539 1275 1591 id
1338 1543 1418 1592 est
1472 1539 1797 1592 accussandi.
1823 1554 1866 1586 20

221 1739 287 1778 12.
317 1732 433 1779 Eme.
465 1734 607 1782 Rern.
639 1737 744 1787 193,
778 1737 855 1778 14.-
902 1734 1043 1779 Casus
1071 1735 1312 1780 nominum
1344 1736 1453 1779 311111,
1483 1748 1576 1779 sex.
1626 1739 1801 1790 quare?

105 1816 160 1822 —
189 1790 390 1834 hominis
421 1816 474 1822 —
505 1792 653 1848 agunt
682 1790 759 1834 vel
790 1792 1034 1835 aoeussant,
1062 1817 1118 1823 —
1148 1791 1380 1839 auferunt.
1440 1792 1534 1836 Ars
1553 1804 1630 1835 an.
1651 1790 1797 1835 Bern.

104 1850 178 1901 86,
208 1849 289 1892 23:
334 1846 486 1900 Quare
507 1861 587 1891 sex
609 1860 740 1891 casus
762 1848 900 1890 sunt?
933 1846 1045 1904 quia
1065 1872 1118 1879 —
1140 1848 1371 1894 auferunt.
1417 1847 1475 1902 ef.
1498 1847 1636 1892 etiam
1659 1846 1799 1891 Glem.

104 1909 192 1952 art.
214 1904 359 1958 fl18b.
465 1908 531 1951 18.
561 1903 679 1948 Eoeo.
702 1903 844 1948 Bern.
868 1907 975 1958 193,
1003 1906 1087 1948 20:
1120 1903 1189 1947 De
1221 1904 1484 1948 accusativo
1518 1917 1626 1948 casu
1657 1916 1799 1958 quae-

102 1960 222 2004 ritur
252 1959 366 2014 quid
395 1960 457 2004 sit
485 1985 537 1992 —
568 1960 837 2004 tribuerunt
865 1989 920 1996 —
948 1960 999 2003 id.
1029 1961 1102 2004 est
1129 1986 1184 1992 —-
1213 1960 1539 2016 penitudinem
1569 1959 1799 2016 (peniten-

103 2016 220 2061 tiam
249 2028 328 2060 ars
356 2029 434 2061 an.
464 2016 629 2070 Rern.)
668 2016 759 2060 hoe
796 2017 868 2061 6311
907 2023 1018 2061 ‘non
1056 2016 1228 2074 agitis’.
1291 2016 1520 2060 Gilvidius
1549 2042 1604 2048 —-
1634 2015 1799 2072 inquid

104 2073 260 2117 omnia
287 2098 343 2104 —
374 2072 610 2118 accusavit
646 2072 790 2130 digna
826 2086 912 2129 pro
952 2098 1006 2105 —
1036 2086 1168 2117 casus
1198 2098 1253 2105 —
1282 2073 1382 2129 ipse
1423 2072 1714 2118 accusativus
1745 2097 1799 2104 —

104 2131 205 2177 erit.
256 2129 333 2184 (ef.
367 2129 505 2174 etiam
533 2133 621 2176 art.
650 2142 729 2173 an.
762 2128 822 2172 B.
853 2132 937 2183 87,
965 2130 1054 2185 31).
1107 2129 1244 2176 Glem.
1276 2142 1369 2174 exo.
1406 2129 1456 2185 (f.
1487 2130 1610 2184 18b):
1650 2128 1799 2171 Accu-

103 2186 280 2230 sativus
316 2199 428 2230 vero
468 2185 526 2229 ab
565 2185 668 2229 aliis
707 2185 889 2230 activus
927 2187 1119 2230 vocatur
1148 2186 1269 2286 guia
1296 2186 1497 2250 Virgilio
1535 2186 1740 2229 testante
1771 2197 1800 2227 3

102 2242 246 2286 verbo
268 2254 432 2287 accuso
453 2242 502 2285 id
523 2244 593 2286 est,
620 2255 709 2298 ago
740 2241 979 2286 dirivatur.
1018 2241 1127 2286 inde
1184 2254 1307 2286 icero
1338 2242 1453 2286 <imit
1475 2267 1525 2273 -—
1547 2241 1663 2284 item
1686 2240 1797 2284 Ter-

103 2299 281 2342 tentius
313 2298 427 2342 dicit
454 2324 509 2330 —
536 2297 877 2354 poenitentiam
906 2298 995 2342 hoo
1025 2299 1095 2342 est
1123 2311 1217 2342 non
1248 2298 1400 2354 agiffis.

218 2471 238 2510 1
273 2466 417 2510 distet,
448 2466 516 2520 (61,
533 2466 587 2510 in
604 2467 715 2520 ras.)
745 2465 801 2509 N
824 2469 972 2509 cetera
1000 2478 1056 2509 ns
1087 2479 1145 2509 ue
1173 2466 1293 2509 ratio
1325 2466 1490 2510 deswnt
1512 2466 1528 2522 ΙΙ
1549 2465 1722 2509 habeto
1751 2466 1798 2510 P

106 2524 126 2580 Η
147 2527 173 2566 2
203 2522 289 2566 filii
316 2524 363 2567 P
383 2523 399 2578 ΙΙ
421 2528 446 2567 3
477 2521 558 2578 qui
586 2523 632 2566 P
652 2523 668 2578 ΙΙ
689 2527 718 2565 4
746 2522 1007 2565 serbtorum
1110 2522 1173 2578 116
1205 2523 1388 2577 spectat
1419 2525 1458 2576 (s
1489 2535 1546 2567 ex
1576 2523 1615 2577 e)
1647 2521 1705 2566 N
1725 2522 1740 2578 ΙΙ
1771 2527 1797 2566 ’1

103 2580 239 2624 caute
269 2579 318 2623 13
348 2579 384 2634 (l
405 2580 536 2633 era-3.)
560 2576 624 2631 N,
658 2579 792 2622 caute
821 2577 897 2620 lau
928 2578 974 2621 P
994 2578 1010 2634 ΙΙ
1032 2583 1058 2621 9
1080 2579 1195 2634 auu]
1218 2578 1286 2621 ait:
1313 2578 1387 2634 ΡΙ
1420 2582 1472 2622 10
1486 2577 1518 2622 f.
1547 2578 1797 2622 haee-est

102 2648 185 2680 om.
216 2635 273 2679 N
291 2636 311 2693 [Ι
341 2639 393 2679 12
423 2634 503 2678 DE
535 2634 688 2679 CASU
716 2634 772 2679 N
795 2634 811 2689 ΙΙ
842 2638 894 2678 13
932 2636 1095 2691 agunt]
1135 2634 1316 2678 habent
1431 2635 1448 2690 ΙΙ
1481 2639 1534 2678 14
1562 2634 1669 2691 ΜΞ
1695 2634 1751 2679 Ν
1771 2634 1794 2691 Η

102 2719 266 2750 causus
295 2706 341 2749 P
361 2706 377 2762 ΙΙ
399 2719 579 2749 sumam
609 2705 655 2749 P
682 2707 699 2762 11
730 2708 783 2748 15
820 2705 911 2760 ςὸῖἱ
940 2704 1007 2761 Ρ,
1049 2705 1169 2762 ge'fib
1202 2704 1259 2748 N
1279 2706 1295 2761 ΙΙ
1323 2704 1520 2760 platoris
1539 2706 1585 2750 P
1606 2705 1622 2761 ΙΙ
1653 2709 1705 2747 16
1736 2691 1798 2747 (Τᾶ.

101 2762 156 2862 51
157 2763 185 2863 ln
205 2761 278 2862 a}
287 2762 334 2806 P
354 2763 370 2818 ΙΙ
391 2761 453 2805 uf>
476 2763 522 2806 P
543 2763 558 2818 ΙΙ
584 2766 634 2806 18
656 2761 911 2819 ablativus]
934 2773 1017 2806 om.
1042 2766 1079 2806 P
1097 2762 1113 2817 11
1138 2766 1189 2805 19
1211 2761 1313 2815 quit
1333 2761 1380 2804 P
1399 2762 1416 2817 ΙΙ
1438 2766 1492 2806 20
1511 2761 1714 2806 trierunt
1733 2760 1794 2813 P,

1398 2890 1458 2932 3*
