1980 3134
156 96 198 139 X
230 104 233 107 ’
812 93 1172 140 PRAEFATIO.

155 249 357 313 Virgilii
405 249 635 312 epitomis
674 251 837 297 exstat
877 245 962 314 (cf.
1002 249 1339 312 Montfaucon,
1379 248 1686 298 bibliotheca
1723 250 1842 300 bibl.

155 341 204 387 p.
244 325 351 372 524
391 325 442 372 et
473 322 769 381 Bethmann,
801 323 990 372 Archiv
1019 323 1118 371 XII
1149 340 1195 385 p.
1232 315 1364 390 611)
1397 322 1719 384 inscriptione
1750 324 1844 372 hac

157 400 409 447 ornatum:
448 395 564 445 HIC
605 395 962 444 SECVNTVR
999 394 1466 445 ETHIMOLOGIE
1497 395 1843 446 VIRGILIVS

155 470 527 519 PRESBITER
564 469 917 519 HISPANVS.
996 469 1196 519 Caelum
1234 472 1411 519 dicitur
1448 473 1565 532 quia
1597 497 1663 504 —-
1689 473 1845 532 piscis

155 548 257 594 sine
301 549 475 594 natatu
514 538 586 609 (p.
628 536 763 610 52V).
855 543 1090 607 Sequitur
1126 546 1313 594 Isidori
1351 559 1407 593 ex
1445 546 1566 594 libro
1605 545 1843 594 ethimolo-

151 621 363 680 9iarum.
438 619 514 666 Ex
552 618 837 680 apographo
876 618 971 666 Ad.
1011 617 1244 681 Ginquini
1280 618 1662 667 Mediolanensis
1709 619 1843 681 frag-

155 696 381 741 mentum
417 692 609 755 primus
648 693 701 740 in
739 693 1006 754 appendice
1047 692 1193 742 edidi.

303 766 510 814 Praeter
555 767 676 814 haec
720 766 845 813 mihi
899 767 972 814 uti
1021 767 1164 814 licuit
1213 766 1533 828 Excerptis
1585 756 1843 815 Nancei³

158 840 429 902 ensibUS,
484 856 611 902 quae
658 839 718 888 A.
768 838 1035 902 Collignon
1078 856 1138 888 ex
1182 840 1312 888 libro
1359 836 1659 888 Nanceiensi
1700 833 1840 905 (olim

155 907 486 973 Boboniensi)
543 929 592 962 n.
641 915 744 962 356
798 929 835 963 s,
883 911 1170 961 VIII—IX
1214 929 1375 976 nuper
1425 913 1724 978 publicavit,
1782 914 1844 963 cf.

156 987 280 1036 Note
316 1003 405 1037 sur
441 1002 537 1036 une
570 990 870 1048 yrammaire
909 989 1056 1036 latine
1093 990 1389 1036 ‘manuscrite
1418 989 1486 1036 du
1518 988 1679 1036 ῙΤΙΙΙ(ἃ
1707 989 1846 1037 siecle

158 1066 483 1122 appar-tenant
519 1065 552 1111 a
591 1063 640 1110 la
680 1059 990 1122 bibliotheque
1020 1063 1078 1110 de
1106 1062 1283 1123 Naucy
1314 1065 1567 1110 couteuaut
1596 1062 1679 1110 des·
1708 1063 1843 1124 fray-

157 1139 310 1184 meuts
348 1135 522 1184 iue'dits
560 1137 617 1184 de
650 1136 886 1196 Virgilius
916 1136 1067 1184 Maro
1107 1128 1283 1201 (revue
1321 1136 1383 1183 de
1422 1135 1693 1198 philologie
1724 1138 1843 1185 tom.

157 1208 255 1257 VII
285 1226 332 1271 p.
369 1202 626 1276 13—22).
703 1209 872 1272 Atque
910 1210 992 1258 hic
1028 1209 1158 1257 liber
1194 1210 1436 1258 nonnulla
1468 1209 1652 1271 scripta
1682 1225 1846 1272 gram-

156 1283 340 1331 matica
385 1284 606 1332 continet
651 1299 866 1345 quorum
911 1285 990 1331 est
1034 1284 1264 1346 princeps
1314 1282 1467 1332 Glosa
1516 1285 1574 1332 de
1613 1285 1845 1344 partibus

157 1359 403 1406 orationis.
467 1356 594 1406 Oette
620 1359 933 1418 yrammaire,
965 1357 1129 1420 inquit
1161 1357 1336 1420 editor,
1368 1372 1430 1406 ou
1463 1356 1614 1406 Glosa
1645 1359 1703 1406 de
1722 1373 1846 1418 par-

156 1432 282 1479 tibus
319 1433 554 1480 orationis
591 1445 641 1480 se
678 1446 893 1492 compose
930 1433 1073 1479 d’uue
1103 1432 1227 1480 serie
1257 1433 1504 1480 d’extraits
1535 1433 1617 1481 des
1649 1434 1845 1480 anciens

151 1507 529 1565 yrammairiens
565 1507 659 1554 mis
697 1507 808 1554 bout
844 1508 876 1555 a
915 1507 1025 1554 bout
1057 1509 1099 1554 et
1128 1509 1325 1554 souveut
1354 1519 1468 1554 avec
1488 1520 1590 1566 peu
1620 1506 1678 1558 de
1707 1507 1842 1555 suite.

158 1578 460 1640 Quelquefois
505 1580 711 1628 Z’auteur
747 1580 943 1639 indique
981 1580 1031 1628 la
1068 1594 1236 1628 source
1274 1581 1336 1628 ou
1372 1581 1410 1628 il
1448 1595 1481 1628 a
1509 1579 1681 1640 puise;
1718 1581 1846 1628 ‘mais

156 1654 398 1713 beaucoup
438 1654 496 1702 de
523 1668 762 1714 passages
799 1657 907 1702 sont
944 1668 1202 1714 anonymes
1240 1657 1283 1702 et
1317 1668 1441 1702 nous
1479 1668 1629 1702 avons
1675 1654 1743 1702 du
1789 1668 1846 1702 en

154 1727 426 1775 rechercher
457 1728 507 1775 la
528 1742 834 1787 provenarzce
865 1742 923 1776 eu
959 1742 1083 1776 nous
1121 1729 1293 1776 aidaut
1328 1731 1517 1776 surtout
1553 1728 1635 1776 des
1668 1725 1843 1785 Gram-

154 1802 320 1849 matici
364 1802 422 1849 de
466 1801 578 1850 Keil
629 1805 672 1849 et
715 1802 798 1850 des
842 1799 1093 1849 Auecdota
1136 1802 1386 1850 Helvetica
1434 1802 1491 1849 de
1535 1802 1609 1850 M.
1648 1797 1840 1869 Haqeu.

157 1873 284 1922 Gette
321 1875 543 1923 collatiou
579 1889 703 1923 nous
741 1890 773 1923 a
801 1877 988 1935 permis
1025 1876 1083 1923 de
1121 1876 1303 1923 donner
1341 1889 1454 1923 avec
1495 1875 1545 1923 Za
1591 1876 1716 1923 table
1762 1876 1844 1924 des

154 1949 375 1997 matieres
414 1949 472 1997 de
509 1949 560 1997 Za
593 1950 914 2013 yrammaire,
961 1949 1027 1998 les
1070 1963 1208 1997 uoms
1257 1949 1340 1997 des
1376 1952 1574 1997 auteurs
1611 1949 1844 2008 auxquels

155 2022 238 2071 des
268 2026 518 2083 empruuts
540 2027 622 2071 out
644 2022 717 2071 e'te'
733 2023 863 2083 faits.
918 2023 971 2070 R
997 2025 1120 2071 reste
1141 2023 1403 2083 cepeudaut
1423 2037 1493 2071 uu
1506 2024 1629 2083 petit
1648 2024 1844 2071 nombre

155 2095 455 2157 depassaqes
471 2097 586 2145 dont
598 2112 719 2145 nous
734 2098 1042 2156 u’avouspas
1055 2111 1220 2145 encore
1226 2111 1302 2157 pu
1318 2096 1600 2145 determiuer
1613 2097 1841 2157 Z’oriyine.

302 2169 491 2219 Eodem
527 2171 675 2219 modo
721 2170 1024 2232 compositus
1072 2173 1148 2218 est
1186 2172 1436 2219 tractatus
1478 2170 1538 2218 de
1586 2169 1840 2234 adverbio,

157 2244 241 2305 qui
279 2245 331 2291 in
369 2244 533 2292 codice
572 2244 858 2292 Leidensi
897 2237 1088 2310 (Voss.)
1119 2260 1166 2291 n.
1209 2245 1276 2292 33
1311 2243 1418 2293 s.X
1457 2243 1491 2293 f.
1528 2245 1841 2292 760—830

156 2319 335 2365 exstat.
396 2317 521 2366 Cum
550 2318 922 2366 Lindemannus
963 2311 1297 2380 (Ineditorum
1334 2317 1606 2366 latinorum
1648 2320 1778 2379 part.
1802 2317 1840 2366 I.

157 2390 383 2441 Zittavae
411 2385 577 2456 1832)
610 2391 898 2440 testimonia
929 2407 989 2439 ex
1011 2391 1228 2454 Virgilio
1259 2391 1440 2440 hausta
1470 2406 1629 2453 neque
1662 2407 1841 2453 cogno-

155 2463 313 2513 visset
342 2481 502 2528 neque
542 2465 781 2514 edidisset
812 2466 999 2525 omnia,
1030 2465 1216 2513 librum
1246 2464 1596 2514 Vindobonam
1633 2465 1842 2513 missum

156 2538 316 2586 denuo
363 2539 641 2589 examinavi
685 2542 947 2603 totumque
994 2541 1268 2588 tractatum
1313 2539 1574 2603 descripsi,
1621 2540 1679 2586 ut
1724 2538 1843 2587 data

156 2612 410 2660 occasione
451 2629 565 2660 eum
603 2614 926 2675 publicarem.
1005 2612 1142 2671 Quae
1181 2613 1246 2661 ad
1277 2613 1548 2676 Virgilium
1586 2612 1843 2674 pertinent

155 2684 288 2733 inter
324 2686 611 2734 testimonia
648 2690 849 2748 recepta
886 2688 989 2734 iam
1026 2687 1258 2749 reperies.

304 2758 506 2821 Virgilii
543 2761 828 2810 testimonia
874 2776 934 2808 ex
972 2762 1080 2808 arte
1130 2760 1310 2809 codicis
1357 2758 1692 2808 Bernensis
1737 2761 1838 2808 123

158 2846 194 2879 s,
227 2831 272 2879 X
305 2848 363 2881 ex
401 2833 573 2882 multis
605 2834 892 2884 auctoribus
925 2834 1133 2883 collecta
1170 2835 1219 2881 in
1253 2850 1408 2882 unum
1440 2833 1688 2895 congessit
1717 2832 1842 2881 Her-
