1980 3134
520 108 528 115 ,
607 67 710 113 VII.
755 66 835 110 DE
864 67 1363 115 PRAEPOSITIONE.
1729 72 1829 125 173

137 210 273 262 pene
311 193 491 261 pueris
538 193 982 262 philosophorum
1029 198 1132 262 est,
1183 196 1302 248 ideo
1351 197 1630 249 inusitatas
1681 215 1827 265 prae-

136 263 429 331 positiones
467 281 532 315 ex
569 267 760 332 quarto
796 264 1168 333 philosophiae
1206 266 1486 318 latinitatis
1519 284 1717 336 genere
1743 285 1827 319 su-

136 351 365 397 mamm,
394 332 498 386 hoe
522 335 769 401 primitus
794 336 1051 400 seienteS,
1087 335 1230 404 quod
1256 337 1653 404 monosyllabae
1678 355 1827 404 prae-

136 404 428 471 positiones
466 403 673 455 nullum
700 404 842 456 aliud
866 408 1079 473 praeter
1103 406 1358 459 usitatum
1382 423 1553 476 genus
1578 406 1827 473 habeant,

135 477 196 525 ut
243 493 279 527 a
324 475 397 527 ad
440 491 468 527 e
512 475 574 527 de
618 491 681 527 eoe
717 492 818 542 pro
858 492 992 543 prae
1040 478 1113 529 eis
1150 481 1266 544 post
1301 481 1452 530 trans
1486 478 1547 529 iu
1581 478 1675 530 sub
1713 494 1829 530 eum
1872 493 1893 526 5

137 544 286 596 elam.
362 544 462 596 hae
516 544 574 596 in
627 545 776 596 nulla
828 549 1075 613 experta,
1131 564 1236 614 qua
1288 547 1489 599 utimur
1542 547 1827 611 latinitate,

136 614 353 682 penitus
378 613 659 666 habentur.
708 615 845 668 dabo
872 633 1000 683 ergo
1026 617 1447 685 praepositiones
1474 634 1651 670 cassus
1677 635 1828 670 aceu-

138 685 326 736 satiui:
382 701 478 737 eon
522 702 619 753 pro
664 689 819 753 aput,
866 687 1039 739 salton
1075 704 1172 755 pro
1211 691 1357 754 aute,
1406 703 1564 752 eyrou
1600 705 1696 755 pro
1734 689 1829 740 ad·

136 771 321 807 uersus
357 754 444 806 uel
481 759 664 808 eontra
674 795 689 823 ,
729 760 899 809 trasso
937 773 1032 824 pro
1060 758 1219 822 eitra,
1258 759 1523 822 matyriou
1547 775 1645 826 pro
1672 759 1827 822 eirea,

135 826 316 877 reetim
363 842 462 893 pro
510 842 659 892 erya,
716 828 935 878 statuim
980 844 1075 894 pro
1112 844 1276 894 porte,
1330 828 1465 880 relas
1511 845 1608 895 pro
1648 845 1827 895 prope,
1853 844 1894 876 10

131 895 303 962 faram
348 913 447 963 pro
493 897 801 959 seeundum,
859 896 1073 963 louyeou
1117 915 1215 965 pro
1263 897 1431 961 ultra,
1482 898 1686 950 sarium
1731 915 1829 965 pro

127 969 366 1033 praeter,
405 966 629 1034 sepelum
653 984 750 1035 pro
773 982 966 1034 supra,
1000 967 1146 1034 yabil
1178 969 1309 1034 <pro
1335 984 1496 1034 usque
1521 968 1648 1034 ad>,
1688 984 1832 1020 eaom

138 1053 236 1104 pro
265 1052 450 1103 pene-5⁸,
489 1036 641 1089 Ziuim
677 1053 775 1104 pro
813 1038 992 1103 iuxta,
1034 1038 1190 1090 leuim
1226 1055 1323 1105 pro
1359 1054 1517 1090 secus,
1573 1054 1716 1090 nune
1743 1037 1831 1089 ab·

136 1106 291 1158 latiui
343 1107 796 1174 praepositiones:
862 1123 1049 1175 respon
1103 1125 1200 1176 pro
1257 1124 1458 1175 eoram,
1514 1124 1680 1174 aspou
1732 1124 1830 1176 pro

127 1177 346 1245 palam,
385 1178 605 1244 peripsa
640 1195 739 1245 pro
776 1178 914 1242 sine,
963 1178 1102 1231 absit
1137 1195 1233 1245 pro
1273 1178 1492 1245 absque,
1541 1195 1698 1230 aram
1732 1194 1829 1245 pro
1855 1193 1895 1227 15

137 1255 300 1299 tenus.
364 1247 494 1299 item
533 1247 600 1299 ad
637 1251 919 1316 utrumque
956 1265 1286 1310 eommuneS,
1321 1249 1502 1315 padou
1536 1265 1634 1315 pro
1658 1264 1830 1315 super,

137 1317 322 1370 liudou
358 1335 456 1386 pro
492 1318 691 1384 subter,
729 1319 919 1371 mactus
955 1335 1051 1386 pro
1087 1319 1281 1371 subtus,

278 1386 439 1440 Nune
493 1388 599 1440 nisi
652 1387 939 1441 molestum
986 1390 1096 1456 est,
1151 1391 1213 1440 ut
1259 1389 1388 1440 haee
1435 1387 1649 1440 luceant
1696 1404 1831 1456 quae

136 1457 393 1526 paulatim
442 1459 664 1511 obseura
710 1461 856 1525 sunt,
909 1459 1172 1510 maiorum
1210 1458 1392 1510 demus
1431 1457 1690 1526 exempla.
1753 1457 1831 1509 lo-

137 1529 320 1596 quitur
357 1546 476 1581 eece
503 1528 888 1581 Andrianus
927 1529 1171 1597 quidam,
1209 1528 1295 1580 uir
1330 1529 1387 1580 in
1414 1527 1682 1580 soluendis
1707 1545 1830 1595 pro·
1853 1544 1895 1575 20

136 1598 474 1651 blismatibus
522 1599 805 1651 admodum
854 1598 1088 1652 eruditus
1134 1604 1246 1652 ‘eon
1282 1602 1412 1651 teeta
1446 1598 1714 1652 numanae
1747 1599 1830 1650 iu-

137 1669 271 1722 belos
306 1671 424 1722 soni
460 1673 508 1722 et
543 1670 811 1723 laetitiae&
873 1669 976 1722 hoe
1024 1672 1104 1722 est
1140 1668 1312 1721 dicere
1351 1672 1481 1737 aput
1515 1669 1831 1721 habitatores

136 1743 393 1792 tectorum.
471 1739 763 1809 Glengus
820 1757 1030 1808 quoque
1082 1739 1173 1791 ille
1227 1740 1395 1791 nostri
1442 1738 1832 1790 Maximiani

137 1813 291 1878 pater
326 1810 385 1862 in
423 1810 758 1878 expositione
784 1810 848 1862 de
874 1810 975 1862 diis
1001 1810 1144 1862 faeta
1169 1810 1246 1861 ita
1272 1826 1489 1862 exorsus
1516 1811 1619 1861 est:
1656 1808 1828 1860 salton

134 1880 292 1933 solem
336 1881 414 1933 dii
459 1885 637 1949 eraut,
688 1881 743 1932 id
781 1883 862 1933 est
898 1884 1019 1933 aute
1054 1881 1227 1933 solem.
1290 1880 1430 1931 idem
1469 1879 1629 1930 etiam
1665 1878 1723 1929 in
1759 1877 1831 1929 la·
1854 1896 1895 1929 25

98 1998 106 2002 .
136 1951 351 2003 tinitate
390 1951 600 2019 opimus
639 1954 776 2019 erat,
816 1951 922 2004 alio
959 1950 1144 2003 intulit
1179 1951 1238 2002 in
1274 1950 1391 2003 loco
1428 1949 1653 2016 sepelum
1679 1965 1830 2016 pere-

136 2037 293 2074 ueum
316 2022 512 2074 uissere
536 2026 775 2090 montem,
796 2022 851 2073 id
878 2025 959 2074 est
975 2038 1141 2088 supra
1159 2024 1398 2074 montem.
1437 2019 1830 2087 Galbungus

137 2109 347 2160 quoque
372 2092 427 2144 in
457 2092 686 2160 quadam
716 2092 943 2161 epistula
968 2091 1034 2144 ad
1060 2092 1414 2143 Assianum
1446 2089 1644 2157 scripta
1670 2088 1829 2140 Gur-

137 2162 401 2232 gilium,
440 2164 662 2216 altitudo
698 2162 873 2231 inquit
908 2163 1228 2229 eloquentiae
1263 2165 1384 2214 tuae
1415 2160 1563 2227 ¹qabit
1588 2159 1833 2226 peruenit

135 2232 375 2301 aethera,
413 2233 468 2284 id
507 2235 587 2285 est
622 2250 785 2300 usque
821 2234 895 2285 ad
919 2233 1143 2287 aethera.
1198 2248 1296 2302 ego
1323 2247 1529 2299 quoque
1555 2229 1700 2294 olim,
1729 2229 1828 2281 bel·
1855 2247 1895 2278 30

136 2302 261 2356 latis
295 2303 512 2371 inquam
549 2320 707 2370 eyrou
731 2321 837 2369 me,
877 2303 976 2354 hoe
1003 2305 1084 2354 est
1108 2306 1289 2355 eontra
1313 2318 1407 2353 me.
1465 2299 1656 2352 harum
1681 2315 1831 2367 prae-

138 2372 466 2440 positionum
513 2376 762 2425 aeeentus
811 2391 922 2425 non
969 2375 1081 2424 tam
1130 2371 1350 2424 subtiles
1397 2373 1523 2423 sunt
1570 2369 1626 2420 in
1673 2386 1830 2420 uersu

253 2587 275 2625 1
306 2582 355 2625 id
385 2583 435 2625 et
453 2582 522 2633 N,
554 2582 727 2626 ideirco
760 2583 808 2626 et
826 2582 933 2626 Mai
953 2583 969 2638 ΙΙ
991 2587 1016 2626 3
1046 2579 1419 2636 monassyllabae
1439 2579 1496 2623 N
1510 2579 1526 2635 ΙΙ
1546 2582 1574 2621 4
1592 2578 1831 2621 usutatum

136 2637 223 2694 Nl}
245 2643 270 2681 6
293 2639 436 2695 expta
463 2639 550 2694 ΝΠ
572 2643 596 2683 7
618 2639 679 2682 da
708 2638 840 2694 Nus
864 2651 952 2682 eon
981 2638 1066 2694 ΝΙΙ
1091 2643 1142 2682 10
1164 2650 1277 2693 erga
1299 2641 1346 2689 (a
1366 2649 1421 2680 ex
1442 2634 1678 2699 &)N1[11
1700 2634 1831 2677 fat-ax

137 2694 391 2739 seeundum
422 2709 508 2751 pro
537 2695 592 2739 N
607 2707 721 2741 corr.
743 2695 849 2738 Mai
870 2695 885 2750 Η
910 2699 960 2738 12
1024 2707 1076 2737 ro
1106 2706 1253 2749 usque
1284 2692 1345 2735 ad
1373 2692 1484 2736 add.
1508 2691 1565 2744 ef.
1589 2689 1720 2744 mfra
1741 2691 1756 2745 ΙΙ
1781 2694 1832 2732 14

136 2751 497 2850 ῗειθροείᾑὶοηὶε
525 2751 582 2795 N
587 2753 598 2779 ¹
622 2752 637 2807 ΙΙ
662 2757 713 2795 19
743 2751 971 2808 paulatim
1053 2784 1064 2804 ,
1095 2748 1337 2806 paululum
1369 2760 1481 2792 corr.
1503 2747 1610 2791 Mai
1630 2747 1646 2803 ΙΙ
1668 2751 1716 2790 21
1743 2759 1829 2790 eon

210 2808 301 2863 1125
330 2807 474 2863 idem]
505 2807 555 2850 id
586 2810 657 2852 est
685 2808 738 2852 N
764 2820 877 2852 corr.
910 2807 1016 2850 Mai
1037 2807 1052 2863 ss
1075 2812 1123 2851 31
1160 2818 1354 2861 oyeeron
1385 2803 1446 2851 N.
