1980 3134
670 97 751 142 iv.
795 97 876 141 DE
906 97 1232 148 ADUERBIO.
1696 105 1794 157 159

104 222 289 276 uerbia
346 241 410 275 ex
463 224 761 292 participiis
808 224 1174 278 indubitanter
1219 227 1453 280 ueniant.
1524 229 1570 280 si
1616 233 1793 282 autem

103 293 375 373 quaeritur
412 311 476 346 ex
513 312 616 362 quo
655 312 686 346 a
720 295 1040 363 participiis,
1081 296 1254 348 dicam
1290 300 1350 349 ut
1385 302 1632 366 expertus
1659 317 1791 365 sum,

103 364 229 432 quia
254 382 319 417 ex
342 363 628 433 participio
654 365 908 433 temporis
933 366 1228 446 praesentis
1252 369 1546 421 communis
1566 370 1791 439 generiS,

103 452 167 486 ex
217 435 501 503 participio
554 436 812 504 temporis
857 436 1132 504 praeteriti
1180 437 1464 491 cuiuslibet
1509 439 1661 491 uerbi
1707 440 1794 492 ad-

101 505 285 557 uerbia
331 507 632 558 sumuntur.
694 523 757 557 ex
804 505 1007 559 duobus
1053 509 1228 560 autem
1265 507 1457 560 futuris
1494 510 1791 577 participiis
1835 525 1856 559 5

100 575 282 627 nullus
318 575 614 655 peritorum
651 575 901 628 aduerbia
927 578 1212 646 sumpsisse
1246 579 1628 647 conprobatur3
1668 580 1793 632 dici-

99 663 218 697 mus
258 646 395 698 enim
434 647 694 713 docenter,
741 647 1028 716 sapienter,
1066 648 1350 716 instanter,
1379 654 1792 716 perseueranter,

101 733 422 784 quamquam
459 715 750 768 secundum
779 717 1038 769 Galbun
1051 735 1199 786 gum
1238 736 1301 771 ex
1338 719 1619 788 participio
1645 738 1793 788 prae-

101 786 266 838 sentis
312 787 570 854 temporis
607 787 770 838 actiui
806 788 957 839 uerbi
994 788 1129 840 sumi
1166 788 1429 841 abnuatur
1465 790 1787 855 aduerbium,

100 855 191 908 sed
248 873 313 908 ex
367 856 650 925 participio
715 857 972 909 neutralis
1031 858 1181 911 uerbi
1239 858 1496 913 trahatur.
1579 878 1789 913 necnon
1812 877 1852 909 10

99 926 262 979 etiam
331 944 396 978 ex
461 929 759 980 communis
815 945 875 980 ac
930 927 1243 997 deponentis
1301 929 1596 998 participiis
1652 931 1792 983 idem

100 996 287 1049 doctor
344 997 595 1050 aduerbia
649 997 834 1050 uenire
885 998 990 1049 nisi
1037 999 1269 1050 uitiatim
1315 999 1568 1068 abneget,
1627 1004 1688 1053 ut
1737 1001 1793 1052 in

98 1067 390 1135 praeterito
445 1070 683 1136 tempore
740 1068 1028 1121 secundum
1087 1069 1283 1121 trinam
1348 1070 1793 1138 significationem

96 1138 369 1206 passiuam
417 1138 619 1190 scilicet
663 1156 996 1191 communem
1044 1157 1104 1191 ac
1150 1139 1504 1207 deponentem
1542 1140 1793 1192 aduerbia

97 1209 310 1275 uenire,
347 1208 527 1260 nullus
563 1209 856 1276 peritorum
891 1226 1088 1290 negare
1113 1212 1314 1278 potest:
1355 1210 1614 1278 siquidem
1654 1211 1789 1263 dica·
1811 1225 1852 1258 15

95 1297 215 1331 mus
266 1280 429 1343 docte,
477 1279 729 1347 oseulate,
771 1280 1051 1346 suspicate,
1102 1280 1277 1333 loeute.
1364 1281 1543 1332 audiui
1594 1284 1790 1342 tamen,

97 1351 226 1417 aput
263 1349 535 1402 Affrorum
583 1349 752 1402 scolas
800 1349 1108 1429 frequenter
1157 1349 1288 1414 dici,
1337 1350 1475 1418 quod
1523 1368 1587 1402 ex
1632 1351 1789 1419 depo-

94 1419 340 1472 nentium
396 1420 682 1472 uerborum
743 1420 1067 1488 participiis,
1129 1437 1313 1472 eorum
1371 1421 1599 1474 maxime
1643 1439 1792 1501 ‘quae

96 1489 290 1559 agendi
329 1490 768 1543 consuetudinem
798 1508 908 1542 non
935 1490 1195 1558 habeant,
1235 1490 1486 1543 aduerbia
1510 1491 1656 1543 nasci
1681 1509 1790 1544 non

95 1561 320 1613 soleant.
1811 1576 1853 1608 20

236 1630 381 1692 Quae
419 1648 539 1683 cum
575 1630 652 1683 ita
688 1631 823 1698 sint,
872 1631 1083 1683 intenta
1121 1630 1398 1683 doctorum
1435 1631 1784 1700 ambiguitate

94 1701 195 1754 sibi
242 1704 302 1754 ut
347 1701 559 1753 uidetur
608 1700 1007 1767 desonantium,
1058 1700 1439 1753 consulendum
1485 1701 1641 1754 nobis
1689 1704 1786 1769 est,

93 1775 154 1824 ut
203 1789 264 1824 ea
311 1789 445 1840 quae
492 1789 523 1824 a
567 1771 784 1824 nemine
830 1771 1164 1838 dubitentur,
1214 1774 1412 1824 statute
1458 1789 1522 1824 ac
1572 1771 1786 1824 definite

95 1860 362 1894 sumamus
372 1883 386 1910 ,
443 1841 499 1894 id
546 1844 626 1894 est
671 1844 733 1894 ut
780 1859 811 1894 a
855 1842 1136 1910 participio
1182 1842 1481 1910 praesentis
1526 1842 1784 1910 temporis

91 1912 348 1974 neutralis
394 1912 546 1965 uerbi
591 1915 748 1980 atque
796 1912 863 1964 ab
910 1929 972 1964 eo
1021 1911 1164 1981 quod
1209 1912 1408 1980 passiui
1454 1912 1607 1964 uerbi
1645 1929 1782 1965 com·
1808 1926 1849 1959 25

92 1983 375 2052 munisque
423 1983 519 2049 sit,
566 1983 975 2051 praeteritorum
1027 1984 1304 2034 dumtaxat
1350 1984 1647 2050 temporum
1695 1982 1786 2034 ad-

90 2054 276 2106 uerbia
325 2071 533 2122 semper
577 2071 846 2106 sumamus
883 2055 944 2104 ut
980 2054 1062 2104 est
1088 2057 1511 2121 perseueranter,
1559 2054 1784 2120 firmate,

89 2128 330 2178 scrutate.
387 2123 678 2176 secundum
704 2123 840 2176 hanc
865 2123 1107 2193 regulam
1134 2123 1294 2176 etiam
1319 2124 1375 2174 in
1403 2122 1782 2191 conparatione

92 2197 146 2247 et
180 2195 508 2263 praelatione
545 2194 973 2263 participiorum,
1014 2194 1386 2246 aduerbiorum
1411 2210 1620 2261 quoque
1645 2193 1780 2244 ratio

92 2265 412 2317 seruabitur.
1811 2283 1852 2316 30

234 2335 504 2387 Aduerbia
541 2337 745 2399 autem,
795 2351 928 2402 quae
965 2334 1023 2385 in
1059 2334 1134 2386 im
1171 2333 1432 2400 syllabam
1469 2332 1773 2399 mittuntur,

90 2422 202 2457 non
241 2423 304 2456 ex
341 2422 450 2457 uno
487 2404 644 2456 initio
681 2406 978 2457 sumuntur.
1039 2404 1297 2472 quaedam
1334 2420 1564 2470 namque
1601 2419 1784 2454 eorum

203 2605 228 2644 5
246 2601 273 2647 f
306 2601 428 2643 inter
456 2599 716 2664 participiis
747 2603 788 2642 et
852 2598 1074 2642 eritorum
1111 2599 1315 2653 spatium
1343 2601 1459 2642 5-6·
1489 2598 1576 2641 litt.
1607 2596 1660 2640 in
1688 2596 1744 2640 N
1757 2596 1778 2653 ΙΙ

87 2657 413 2768 fferiltorum]
434 2656 660 2712 originem
677 2655 783 2699 Mai
801 2614 863 2711 {lpl
843 2659 895 2699 10
914 2655 1214 2711 participium
1233 2655 1319 2710 Nl}
1343 2659 1394 2699 15
1415 2654 1578 2710 negari
1599 2652 1652 2697 N
1666 2665 1779 2700 corr

144 2727 193 2756 (11
272 2717 322 2756 16
343 2712 551 2755 usculate
583 2711 639 2755 N
662 2711 910 2758 (3011.Μαὶ
938 2712 952 2766 ΙΙ
975 2711 1128 2754 locute
1162 2714 1204 2762 (o
1239 2724 1294 2755 ex
1303 2655 1369 2763 ΙΙ11)
1400 2710 1457 2754 N
1471 2711 1486 2765 ΙΙ
1509 2715 1559 2752 21
1595 2709 1780 2752 intenta

25 2819 27 2822 ¹
86 2769 150 2821 N,
182 2770 368 2813 attenta
396 2770 513 2812 coni.
545 2768 650 2812 Mai
671 2769 686 2823 ΙΙ
709 2773 762 2811 22
794 2767 1118 2810 desonentium
1147 2767 1203 2811 N
1218 2768 1232 2823 ΙΙ
1255 2765 1584 2810 contulendum
1614 2765 1671 2808 N
1685 2766 1700 2820 ΙΙ
1724 2769 1775 2807 26

89 2839 336 2883 dumtaxat
372 2846 416 2895 at
445 2839 501 2883 N
523 2840 612 2894 1127
644 2834 948 2894 perseverant
977 2837 1038 2881 N.
