1980 3134
742 91 779 139 I.
826 90 906 134 DE
938 91 1191 140 NOMINE.
1712 94 1812 146 119

117 218 308 286 911οό119,
358 217 525 270 calais
536 257 551 285 ,
600 217 874 283 machiriS,
921 219 1207 287 machinis,
1247 219 1421 283 doniS,
1463 219 1813 273 tabernaculis

121 291 175 340 et
214 291 402 340 cetera.

262 357 422 410 Nunc
465 356 529 408 de
579 357 882 409 accusatiuo
931 375 1099 410 cassu.
1170 358 1384 410 uidetur
1428 358 1562 410 mihi
1600 376 1811 411 accusa-

121 428 265 479 tiuus
296 445 472 479 cassus
497 427 640 478 inter
678 429 882 480 ceteros
919 428 1121 496 aliquid
1146 428 1341 480 habere
1367 429 1639 481 cuiusdam
1662 447 1811 497 prae-

61 560 69 568 ·
122 497 322 549 latinae
368 496 662 563 firmitatiS,
716 497 854 549 sicut
904 501 959 550 et
1003 499 1145 550 inter
1182 500 1384 550 ceteras
1420 499 1706 550 uerborum
1744 500 1810 551 si·
1854 518 1875 550 5

159 567 496 620 nificationes
522 566 759 618 actiuum
784 568 1033 620 uerbum:
1065 569 1205 620 unde
1233 571 1288 621 et
1306 569 1552 620 nonnulli
1569 573 1810 621 ueterum

123 584 488 708 {estimabantJ
527 637 889 688 accusatiuum
942 655 1143 690 cassum
1181 639 1343 690 uerbo
1382 640 1557 691 actiuo
1595 640 1812 691 nonnisi

124 708 187 759 de
235 724 430 776 genere
477 707 771 759 masculino
817 708 955 759 sumi
1002 709 1219 760 omnino
1259 708 1448 760 debere
1486 710 1835 778 statuebant.-

122 778 272 830 cuius
311 776 640 844 quaestionis
678 777 873 829 solutio
911 778 1044 830 haec
1080 779 1198 830 erit.
1262 795 1431 847 genus
1458 779 1810 831 masculinum

122 847 316 899 dicitur
354 864 510 899 omne
548 847 686 915 quod
722 847 934 898 firmum
974 850 1078 900 est:
1117 848 1258 900 unde
1297 851 1350 900 et
1385 850 1548 901 fortes
1580 849 1810 901 feminae
1833 872 1875 903 ιο

120 916 372 970 dicuntur
410 918 603 985 <uiri>.
666 917 808 969 unde
853 921 907 969 et
942 917 1136 970 Rithea
1172 918 1304 970 Nini
1350 919 1491 988 regis
1529 937 1661 971 uxor
1699 920 1806 971 suis

121 987 406 1040 clientibus
451 988 661 1039 dicebat
709 988 865 1040 nolite
905 1005 986 1040 me
1037 989 1203 1040 dicere
1249 989 1507 1054 feminam
1545 990 1675 1055 quia
1721 990 1812 1041 uir

118 1074 254 1110 sum.
329 1058 433 1109 hoo
495 1060 672 1109 autem
716 1057 940 1110 dicimus
988 1061 1047 1110 ut
1099 1058 1323 1110 sciamus
1373 1059 1499 1126 quid
1541 1059 1612 1111 sit
1661 1076 1810 1111 accu-

120 1129 350 1180 satiuum
377 1127 441 1178 de
467 1145 661 1196 genere
686 1127 995 1180 masculino,
1039 1128 1126 1180 hic
1152 1129 1483 1180 accusatiuus
1510 1146 1687 1180 cassus
1714 1131 1810 1194 est,

120 1200 211 1266 qui
247 1216 358 1250 non
395 1214 618 1267 graecus
656 1198 748 1250 sed
785 1198 1009 1262 latinuS,
1058 1216 1171 1250 11011
1210 1199 1400 1250 dubius
1438 1198 1527 1250 sed
1560 1199 1719 1253 fortis
1758 1202 1809 1251 et
1833 1223 1875 1255 15

120 1268 355 1320 stabilis:
405 1269 603 1320 etenim
650 1285 868 1338 graecus
918 1270 1252 1320 accusatiuus
1302 1273 1411 1321 tam
1460 1269 1693 1320 incertus
1732 1272 1812 1321 est

121 1342 174 1390 et
221 1342 332 1390 tam
379 1338 658 1406 obscurUS,
714 1342 775 1390 ut
820 1341 997 1390 utrum
1045 1339 1115 1391 sit
1162 1340 1493 1391 accusatiuus
1541 1357 1611 1390 an
1657 1339 1808 1402 aliuS‚

120 1409 338 1461 nonnisi
383 1426 479 1476 per
517 1409 739 1460 uerbum
776 1426 940 1477 agens
976 1408 1132 1460 facile
1170 1409 1338 1476 possit
1375 1409 1620 1477 agnosci:
1670 1408 1811 1461 unde

121 1484 176 1531 et
221 1479 380 1531 multi
428 1481 731 1530 nostrorum
779 1496 875 1547 pro
914 1479 1261 1547 explanandis
1301 1497 1544 1530 cassuum
1581 1479 1811 1530 dec-lina-

118 1549 356 1601 tionibus
382 1549 609 1600 latinam
633 1549 876 1618 regulam
900 1550 958 1601 in
981 1549 1163 1601 Grecis
1191 1551 1500 1617 extorquere
1525 1548 1808 1602 uoluerint.
1833 1574 1874 1606 20

118 1619 307 1687 regula
344 1624 522 1671 autem
559 1619 849 1671 accusatiui
887 1637 1064 1671 cassus
1101 1619 1254 1671 latini
1280 1620 1411 1671 haec
1436 1619 1561 1682 erit,
1599 1622 1659 1670 ut
1684 1637 1811 1687 quo-

119 1690 450 1757 tiescumque
487 1690 545 1740 in
582 1707 635 1741 m
670 1690 832 1742 fuerit
867 1691 1181 1741 terminatus
1220 1688 1460 1758 (propter
1484 1688 1634 1740 illum
1660 1706 1810 1741 accu-

118 1761 353 1811 satiuum
401 1777 557 1827 quem
603 1777 726 1827 sepe
773 1763 827 1811 et
870 1760 999 1812 trito
1048 1759 1276 1811 diximus
1324 1776 1590 1826 sermone,
1639 1759 1691 1810 id
1731 1762 1812 1811 est

120 1830 262 1882 illius
282 1830 514 1882 nominis
534 1831 674 1898 quod
697 1829 1008 1897 productum
1035 1847 1061 1882 0
1087 1829 1335 1881 habuerit
1367 1831 1421 1881 et
1445 1829 1811 1897 monosyllabe

121 1900 192 1952 sit
239 1903 300 1953 ut
343 1917 459 1967 spes
501 1901 611 1967 spei
652 1902 762 1968 spei
810 1917 976 1967 spem,
1024 1917 1107 1953 res
1142 1902 1220 1952 rei
1255 1901 1334 1952 rei
1369 1916 1477 1952 rem
1518 1902 1571 1951 et
1607 1902 1808 1966 cetera)
1833 1922 1875 1955 25

120 1970 356 2038 exceptis
394 1971 614 2039 inquam
651 1970 735 2022 his
771 1971 1067 2022 necessario
1106 1969 1400 2035 breuietur,
1441 1972 1497 2021 at
1531 1970 1588 2020 in
1616 1986 1671 2022 os
1694 1970 1811 2021 fini-

119 2043 232 2109 tus,
273 2043 493 2121 excepto
532 2041 576 2093 si
613 2043 635 2093 i
673 2043 798 2092 ante
835 2040 1109 2108 habuerit,
1145 2039 1484 2108 producatur.

263 2111 366 2162 Sed
404 2112 528 2179 quia
566 2115 677 2164 tam
715 2110 869 2162 multi
897 2128 1008 2162 non
1037 2111 1196 2163 modo
1224 2110 1287 2161 de
1313 2109 1613 2162 accusatiuo
1642 2126 1810 2173 cassu,

120 2181 212 2232 sed
250 2181 313 2233 de
351 2181 596 2233 omnibus
631 2181 908 2234 cassibus
892 2199 949 2233 m
977 2183 1267 2233 metrorum
1305 2181 1641 2232 demensione
1678 2185 1811 2230 trac-

119 2253 332 2318 tarunt,
373 2268 471 2320 ego
511 2251 578 2303 ad
614 2253 776 2303 finem
813 2251 1033 2303 huiusce
1070 2251 1295 2303 tendens
1334 2249 1613 2318 epistolae,
1653 2265 1809 2316 quae·
1833 2272 1875 2305 80

121 2291 352 2373 stionerii
398 2339 559 2389 quam
604 2321 850 2373 nonnulli
895 2338 1005 2372 non
1050 2320 1263 2372 facilem
1309 2319 1703 2387 praeterierint,
1752 2321 1812 2370 ut

122 2390 395 2442 difficilem
432 2393 592 2459 atque
631 2391 911 2442 obscuram
938 2391 1230 2442 euentilare
1255 2393 1538 2456 utcumque
1565 2389 1810 2441 conabor.

122 2461 288 2512 miror
325 2478 452 2529 ergo
490 2460 753 2529 quomodo
790 2461 992 2513 caelum
1027 2477 1171 2512 nunc
1208 2460 1265 2511 in
1302 2459 1459 2511 scolis
1498 2458 1811 2510 Latinorum

119 2530 437 2582 neutraliter
482 2531 742 2599 singulari
798 2547 1020 2582 nurnero
1069 2529 1366 2582 declinetur
1414 2531 1467 2581 et
1510 2529 1567 2580 in
1614 2527 1811 2596 plurali

235 2714 270 2774 6.
290 2710 625 2775 significatines
654 2711 710 2754 N
732 2711 748 2774 [Ι
778 2716 803 2754 9
832 2711 906 2754 his
945 2711 1119 2754 aecerit
1147 2710 1203 2774 N
1226 2711 1242 2765 ΙΙ
1273 2714 1324 2772 11)
1354 2709 1603 2752 femininae
1633 2709 1689 2752 N
1711 2710 1727 2773 [l
1758 2713 1808 2751 11

120 2779 356 2830 viragmes
377 2767 487 2810 add.
508 2767 611 2810 Μαι
633 2769 648 2822 fl
670 2767 863 2810 Erithea
883 2766 1025 2830 Μαί]
1052 2772 1099 2808 12
1131 2765 1405 2831 cliventlbus
1425 2765 1480 2809 N
1495 2766 1511 2821 ΙΙ
1537 2770 1587 2809 19
1609 2765 1810 2808 declina-

120 2822 304 2876 tionisb3
335 2822 390 2865 N
405 2823 422 2879 ll
442 2827 493 2866 31
526 2823 641 2879 non]
673 2822 780 2876 fort.
811 2823 886 2877 ut,
917 2822 1053 2866 faclle
1084 2835 1198 2868 com.
1230 2821 1349 2865 Μαι.
