1980 3134
164 86 262 140 136
539 82 796 128 VIRGILII
826 81 1099 127 MARONIS
1129 82 1476 128 EPISTOLAE.

158 212 345 265 studiis
401 211 518 263 nati
566 210 911 278 educatique,
970 212 1031 261 ut
1077 209 1371 278 sapientiae
1419 209 1587 277 ipsius
1637 227 1851 263 consue-

157 283 398 335 tudinem
434 280 616 332 fideles
656 280 828 331 adhuc
865 279 1189 346 retinerent,
1228 279 1471 332 uidentes
1507 279 1850 333 ecclesiastici

158 353 404 406 doctores
451 368 564 402 non
601 350 836 418 potuisse
875 367 964 402 eos
1002 350 1071 402 ab
1108 349 1213 402 hac
1250 368 1409 418 quam
1449 353 1735 418 coeperant
1771 352 1850 402 in·

154 423 395 475 tentione
446 420 667 488 (10110111,
720 420 878 472 simul
934 420 1093 472 etiam
1143 420 1268 489 quia
1312 420 1543 472 maxima
1589 438 1652 472 ex
1698 425 1850 489 parte

112 510 133 543 5
156 493 465 561 eloquentes
519 490 621 542 uiri
668 490 733 542 ad
792 489 1146 559 conponenda
1200 491 1539 558 ornandaque
1585 492 1849 559 <scripta>

155 565 334 615 essent
379 560 589 614 celestis
628 565 681 613 et
720 560 931 613 diuinae
969 560 1263 629 sapientiae
1304 560 1595 630 profuturi,
1644 562 1687 612 si
1726 578 1848 615 con-

156 633 294 685 uersi
343 631 409 684 ad
446 630 739 683 Dominum
789 634 842 683 et
888 631 944 682 in
984 649 1079 683 sua
1128 631 1430 700 eloquentia
1473 635 1849 700 permanentes

152 721 322 771 praua
378 702 442 753 ad
509 704 657 754 recta
713 701 886 753 studia
939 704 1239 770 uerterent,
1298 700 1402 754 1100
1459 702 1848 754 consultissime

155 774 487 838 statuerunt,
528 776 587 824 ut
624 771 829 824 duabus
867 771 1099 824 librariis
1126 772 1443 840 conpositis,
1482 790 1588 824 una
1610 771 1847 824 fidelium

91 863 131 895 ιο
155 841 592 912 philosophorum
642 842 805 894 libros
861 845 916 894 et
963 842 1129 894 altera
1165 842 1448 922 gentilium
1487 842 1688 910 scripta
1725 860 1847 895 con-

154 914 376 978 tineret,
428 930 496 964 ne
541 911 784 964 fidelibus
832 912 1069 965 infidelia
1119 913 1508 964 conmiscentes
1556 912 1706 964 nulla
1745 912 1846 964 dis-

155 984 317 1037 cretio
363 952 510 1035 inter
556 983 754 1035 munda
799 982 949 1035 fieret
986 986 1040 1035 et
1074 982 1357 1051 inmunda,
1409 984 1468 1034 ut
1504 982 1549 1034 si
1588 982 1702 1050 quis
1741 982 1845 1035 uel-

152 1054 228 1107 let
275 1053 495 1123 gentilis
542 1053 742 1123 legere,
792 1056 996 1106 semota
1044 1052 1281 1105 haberet.
1344 1052 1436 1105 sed
1473 1051 1603 1105 haec
1643 1052 1705 1105 de
1743 1053 1847 1105 hiis

153 1124 281 1177 satis
319 1124 442 1176 sint.

90 1213 131 1246 15
293 1193 453 1247 Nunc
503 1193 566 1245 de
603 1193 928 1246 formatione
967 1194 1145 1259 uerbi,
1194 1211 1354 1262 quam
1391 1193 1678 1245 secundam
1717 1193 1847 1245 dixi-

153 1282 268 1316 mus
306 1267 540 1332 partem,
579 1281 751 1331 pauca
788 1262 1006 1315 fatenda
1043 1266 1185 1316 sunt.
1245 1263 1494 1316 formatio
1533 1266 1613 1316 est
1650 1281 1756 1332 qua
1790 1264 1848 1315 in

151 1334 354 1387 formas
416 1334 579 1386 uerba
642 1351 948 1386 censeamus
1008 1333 1336 1386 inclinanda.
1416 1334 1619 1386 formae
1671 1337 1847 1386 autem

152 1406 348 1457 usitate
398 1407 651 1473 quattuor
699 1421 813 1456 esse
862 1404 1133 1457 dicuntur:
1185 1403 1277 1456 sed
1314 1403 1448 1456 mihi
1485 1422 1598 1457 esse
1637 1403 1847 1456 uidetur

152 1475 506 1542 contrarium,
558 1475 603 1526 si
650 1474 822 1526 forma
869 1475 1077 1527 dicatur
1121 1474 1214 1527 illa
1262 1474 1632 1527 declinationis
1679 1475 1845 1527 totius

87 1566 128 1598 20
151 1545 431 1614 perfectiO,
493 1563 612 1598 cum
659 1545 832 1596 forma
878 1563 989 1597 non
1038 1544 1105 1596 ad
1153 1545 1592 1609 declinationem,
1642 1545 1734 1597 sed
1780 1545 1846 1597 ad

153 1615 422 1696 quandam
469 1615 832 1668 similitudinis
880 1615 1199 1668 diriuatiuae
1249 1615 1692 1685 imaginationem
1730 1633 1844 1683 per-

149 1688 321 1738 tinere
362 1686 622 1739 credenda
660 1688 757 1738 est.
821 1685 1021 1738 formae
1061 1702 1186 1755 ergo
1225 1689 1351 1738 sunt
1388 1686 1659 1738 euidentes
1685 1688 1845 1754 atque

150 1758 406 1824 usitatae,
446 1774 668 1824 quarum
707 1756 880 1824 prima
917 1756 1310 1824 frequentatiua
1334 1757 1663 1822 nominatur3
1704 1755 1845 1824 quod

150 1828 206 1878 in
234 1827 576 1896 Galbungi
614 1827 756 1879 scola
793 1827 930 1878 sumi
967 1845 1077 1879 non
1119 1829 1232 1880 erat
1267 1826 1515 1893 solitum,
1555 1827 1647 1879 sed
1670 1826 1842 1896 magis

85 1916 126 1950 25
149 1897 469 1949 adiectiuam
509 1897 682 1949 dicere
716 1900 1071 1965 consuerunt,
1113 1896 1349 1949 dicentes
1384 1915 1500 1949 eam
1531 1915 1642 1949 non
1675 1897 1844 1949 literis

149 1968 332 2036 mod0,
374 1985 559 2019 uerum
597 1967 758 2019 etiam
795 1968 1040 2019 sensibus
1078 1967 1411 2019 adiciendam
1438 1985 1565 2019 esse.
1629 1966 1843 2035 quidam

148 2055 261 2090 non
317 2037 637 2089 adiectiuam
692 2037 784 2090 sed
841 2037 1283 2090 accumulatiuam
1331 2038 1666 2090 uocitarunt:
1723 2054 1839 2088 cum

150 2108 291 2159 enim
343 2107 474 2160 dicis
521 2108 721 2175 uictito,
771 2107 871 2159 hoc
913 2107 1157 2176 intellegi
1194 2107 1286 2159 das
1299 2148 1314 2176 ‚
1365 2108 1517 2175 quasi
1555 2107 1608 2159 id
1646 2107 1842 2158 dixeris

149 2179 319 2246 φησι-913
365 2195 427 2232 ac
474 2179 644 2246 mayis
689 2179 859 2230 uinco.
922 2179 1048 2229 sunt
1096 2178 1187 2246 qui
1233 2177 1632 2246 frequentatiua
1667 2177 1842 2228 forma

83 2270 125 2303 30
148 2249 226 2300 sic
262 2251 515 2314 utuntur,
555 2248 602 2300 si
637 2247 778 2300 idem
815 2248 1037 2300 uerbum
1074 2248 1265 2300 iterato
1302 2248 1530 2300 scribere
1557 2247 1843 2300 uoluerunt

148 2321 209 2370 ut
243 2320 398 2372 uinco
435 2320 618 2372 uinco:
656 2318 799 2387 quod
831 2318 1046 2386 quidam
1071 2322 1226 2386 turpe
1253 2321 1530 2386 putanteS,
1570 2318 1614 2370 si
1641 2320 1842 2369 utrum-

148 2406 249 2456 que
289 2389 508 2441 uerbum
546 2389 814 2458 integrum
853 2389 1117 2455 scribant,
1166 2389 1320 2441 foede
1358 2392 1539 2441 tamen
1577 2387 1841 2440 scribendi

147 2457 248 2511 hoc
297 2459 639 2512 moderantur
684 2458 841 2512 modo
890 2459 1127 2513 dicentes
1170 2461 1411 2512 uinoinco
1450 2462 1502 2511 et
1537 2456 1595 2511 in
1633 2462 1839 2526 praete-

264 2630 284 2668 1
317 2627 593 2683 edocatique
625 2628 681 2671 N
703 2629 767 2683 115
797 2628 971 2683 scripta
999 2639 1081 2672 om.
1112 2628 1168 2671 N
1191 2629 1207 2684 ΙΙ
1228 2632 1254 2671 8
1283 2640 1431 2684 prava
1460 2629 1508 2670 et
1536 2626 1592 2669 N
1608 2626 1622 2681 ΙΙ
1645 2630 1670 2668 9
1700 2625 1839 2667 libra-

145 2708 226 2751 riis
254 2709 380 2765 Mai,
414 2710 546 2753 libris
576 2711 631 2754 N
654 2712 669 2766 ΙΙ
701 2716 751 2754 11
784 2711 992 2755 infidelio
1023 2712 1078 2755 N
1094 2713 1110 2767 ΙΙ
1138 2718 1185 2755 12
1216 2695 1393 2754 inunda
1422 2711 1477 2754 N
1500 2711 1515 2766 ΙΙ
1552 2715 1598 2754 13
1630 2708 1836 2765 gentilis]

146 2744 500 2865 ginglliiglt’ctzlorR.
518 2767 626 2811 Mai
646 2769 662 2823 ss
685 2768 865 2811 semotu
886 2767 942 2812 N
957 2768 973 2823 ΙΙ
998 2773 1048 2812 17
1077 2767 1348 2812 inclinenda
1366 2767 1421 2811 N
1437 2769 1453 2823 ΙΙ
1475 2771 1528 2810 20
1548 2766 1724 2809 formae
1747 2764 1835 2820 ΝΗ
