1980 3134
660 109 720 154 11.
765 110 844 153 DE
874 110 1252 156 PRONOMINE.
1704 116 1803 169 123

113 236 272 357 {inae
311 235 544 288 cantico:
583 236 747 303 diyna
785 237 850 290 ab
889 254 976 304 690
1015 238 1232 291 laudari
1267 243 1528 292 carmento
1567 241 1804 294 mirabili

154 323 216 358 oc
254 307 335 356 est
372 324 407 358 α
442 322 538 358 me.
602 310 655 357 et
691 323 758 358 ne
795 306 1055 374 pluralem
1082 309 1199 375 quis
1226 325 1312 376 690
1338 308 1532 361 habere
1559 309 1803 362 uideatur

111 393 333 445 negare,
376 375 617 443 exempla
652 376 853 455 passim
886 377 1107 429 inuenta
1131 396 1410 446 ponemus,
1467 379 1802 431 Latomius

112 445 424 498 condiscens
462 463 610 497 meus
646 446 705 497 in
743 446 968 514 quodam
996 449 1272 515 quereloso
1301 450 1535 501 carmine
1561 449 1636 501 sic
1661 449 1802 502 fatus

111 519 219 568 est:
267 532 353 583 690
401 516 531 582 quid
575 517 742 568 simus
789 519 987 583 acturi,
1036 519 1224 584 quibus
1261 521 1380 586 α9ν6·
1415 524 1540 572 sunt
1574 520 1803 587 direpti?
1846 538 1866 570 5

111 603 202 653 690
241 587 326 638 1116
362 603 460 665 pro
498 601 595 638 nos
630 587 866 653 positum
905 590 998 640 est.
1060 588 1331 640 Fassica
1369 606 1577 668 quoque
1601 589 1803 641 femina

110 659 224 708 tam
261 656 475 724 sapiens
513 658 567 707 et
604 658 714 707 tam
754 657 1055 723 scolastica,
1098 661 1155 709 ut
1189 676 1387 710 nomen
1414 659 1526 710 eius
1554 677 1718 726 usque
1744 661 1801 711 in

112 726 251 778 diem
301 742 404 794 quo
453 725 598 778 orbis
639 726 740 777 erit
776 730 916 778 certe
966 699 1080 779 sin⁷e
1119 727 1291 779 dubiis
1331 729 1650 793 celebretur,
1699 730 1802 782 hoc

110 797 252 848 inter
300 798 475 848 cetera
522 813 618 847 usa
663 798 745 848 est
792 797 1063 865 exemplo:
1112 802 1290 864 patres
1336 816 1423 865 690
1470 771 1804 852 tradiderunt

109 867 292 919 omnia
329 866 518 933 quibus
554 867 754 919 utimur
787 868 1009 933 peritiae
1050 869 1422 932 instrumenta,
1480 868 1582 921 hoc
1629 869 1800 921 dicere
1827 888 1867 919 10

109 935 242 988 mihi
280 937 492 988 uidetur
528 937 678 989 nobis
715 937 1049 990 tradiderunt
1065 942 1262 1004 patres.
1316 938 1649 990 Sarricius
1675 956 1802 1007 quo·

109 1024 212 1074 que
251 1006 600 1059 Ciceronis
636 1009 816 1074 pater:
856 1009 985 1073 quid
1020 1007 1208 1075 inquid
1245 1025 1334 1075 690
1370 1010 1487 1062 uita
1525 1008 1803 1075 carpitur?

109 1077 212 1129 hoc
267 1079 348 1129 est
402 1076 574 1128 dicere
628 1080 864 1129 ‘nostrum
913 1078 998 1130 uel
1046 1079 1214 1130 nostri
1267 1078 1561 1132 6661666611
1609 1080 1672 1129 de
1720 1078 1802 1130 his

108 1147 239 1199 satis
276 1147 381 1199 ista
417 1146 715 1214 sufficiant,
766 1165 890 1199 nam
939 1151 993 1200 et
1029 1148 1092 1199 de
1132 1149 1320 1200 ceteris
1359 1147 1541 1200 eadem
1579 1151 1804 1216 possunt

109 1217 368 1287 intellegi.
1826 1238 1867 1269 15

251 1286 453 1339 Uerum
510 1285 903 1354 Galbungus
966 1290 1019 1338 et
1073 1286 1468 1339 Torrentius
1526 1290 1802 1355 quattuor-

109 1357 280 1410 decim
319 1357 502 1408 diebus
540 1356 869 1424 totidemque
906 1356 1151 1408 noctibus
1190 1358 1246 1408 in
1285 1357 1630 1409 contentione
1657 1376 1803 1409 man-

109 1428 238 1480 sisse
259 1427 579 1479 refferuntur
604 1427 716 1494 tali,
743 1430 803 1479 ut
831 1427 874 1478 si
901 1443 988 1493 690
1014 1427 1323 1478 uocatiuum
1351 1445 1558 1479 cassum
1583 1428 1803 1479 haberet

109 1501 203 1550 aut
237 1515 350 1550 non
388 1497 634 1560 haberet,
674 1515 738 1549 ex
776 1497 1021 1548 omnibus
1060 1496 1335 1550 doctorum
1373 1501 1613 1549 ueterum
1637 1498 1801 1549 tradi-

108 1569 350 1621 tionibus
398 1568 775 1635 approbarent.
849 1567 1247 1619 Terrentius
1301 1568 1601 1619 rennuebat
1646 1585 1867 1620 uoca-so

109 1639 282 1691 tiuum
309 1655 514 1690 cassum
541 1654 628 1705 690
653 1638 874 1701 11611616,
907 1636 999 1704 qui
1024 1654 1205 1689 cassus
1231 1638 1508 1690 uocatiuus
1540 1638 1802 1690 secundae

109 1726 317 1776 semper
353 1725 616 1776 personae
654 1707 877 1775 adiungi
915 1707 1098 1772 debet,
1152 1725 1239 1775 690
1277 1711 1455 1760 autem
1482 1707 1547 1759 ad
1573 1708 1802 1776 primam

108 1796 392 1847 personam
430 1795 638 1846 semper
674 1777 978 1846 pertinebit.
1053 1777 1442 1845 Galbungus
1481 1778 1640 1829 etiam
1679 1778 1802 1829 huic

107 1848 414 1917 pronomini
452 1848 758 1900 uocatiuum
798 1864 1003 1900 cassum
1043 1847 1278 1899 accidere
1306 1865 1460 1916 posse
1486 1848 1799 1915 adfirmauit,

108 1921 166 1970 in
221 1937 283 1971 60
337 1919 623 1987 praecipue
675 1919 813 1985 1060,
870 1918 963 1969 ubi
1009 1919 1107 1969 sub
1161 1918 1595 1987 interrogationis
1646 1918 1800 1969 modo
1822 1937 1864 1969 25

109 1989 331 2041 uerbum
370 1988 572 2056 primae
610 2005 870 2056 personae
907 1987 1220 2055 haberetur,
1260 1991 1321 2040 ut
1357 1990 1401 2040 si
1427 1987 1568 2040 dicas
1595 2005 1622 2040 0
1649 2004 1802 2055 690666

106 2063 239 2112 recte
269 2059 372 2126 feci
406 2059 490 2112 uel
527 2059 678 2111 dixi?
715 2058 807 2111 sed
845 2057 934 2110 hic
970 2059 1246 2110 uocatiuus
1283 2058 1336 2109 id
1375 2061 1457 2110 est
1489 2075 1576 2125 690
1602 2059 1800 2125 absque

107 2147 138 2182 0
176 2133 230 2181 et
264 2147 330 2182 666
366 2130 669 2181 adiumento
710 2128 1205 2208 circumpositorum
1232 2131 1438 2180 exstare
1461 2146 1570 2179 non
1603 2131 1795 2195 potest.

107 2199 240 2252 haec
278 2217 396 2252 cum
436 2199 503 2251 acl
536 2201 824 2251 Aeneam
862 2198 1099 2267 quaestio
1137 2216 1220 2250 me
1256 2198 1588 2250 internuntio
1625 2197 1800 2249 reffer-

109 2272 279 2337 retur‚
308 2271 385 2321 ita
410 2287 527 2321 eam
552 2270 828 2321 uerissime
855 2268 1200 2333 euentilauit,
1238 2271 1300 2320 ut
1335 2268 1458 2336 quia
1482 2284 1570 2334 690
1596 2267 1799 2334 primae
1821 2287 1866 2320 30

109 2356 365 2419 personae
402 2357 598 2392 nomen
638 2342 744 2402 est,
788 2341 843 2390 et
878 2339 1100 2390 uerbum
1128 2339 1330 2406 primae
1355 2354 1612 2405 personae
1638 2337 1801 2405 impe·

108 2410 342 2461 ratiuum
367 2409 583 2461 modum
602 2427 714 2461 non
731 2380 907 2471 babet,
938 2410 1021 2460 cui
1039 2408 1375 2460 accusatiuus
1398 2425 1575 2459 cassus
1594 2425 1802 2475 semper

109 2479 440 2543 annectitur,
479 2481 609 2530 tunc
647 2479 1014 2549 tantummodo
1039 2477 1144 2529 hoc
1169 2495 1467 2546 pronomen
1494 2477 1801 2529 uocatiuum

112 2567 318 2601 cassum
356 2518 639 2613 retineret,
685 2566 810 2638 cum
850 2549 948 2599 sub
987 2547 1428 2617 interrogationis
1465 2547 1622 2599 modo
1661 2545 1801 2599 dice-

225 2735 245 2772 1
277 2730 447 2773 laudat
473 2729 565 2785 Nn
595 2733 619 2772 5
649 2710 751 2783 {gn
738 2728 844 2772 'N
864 2728 883 2784 11
911 2733 936 2772 7
974 2729 1091 2784 tam]
1133 2730 1233 2772 tum
1272 2728 1324 2772 N
1351 2729 1366 2783 ΙΙ
1396 2733 1421 2772 8
1458 2727 1563 2781 fort.
1597 2733 1752 2772 certus
1774 2727 1796 2784 ΙΙ

110 2785 276 2886 §3332
279 2786 382 2885 gru
387 2791 467 2885 Ἀ1Τ46
506 2742 780 2848 easdemgN
801 2786 817 2841 u
847 2789 900 2829 23
940 2784 1227 2840 Ganbungus
1257 2784 1313 2828 N
1334 2785 1350 2839 ΙΙ
1381 2789 1434 2828 28
1465 2785 1594 2828 etare
1624 2784 1679 2827 N
1700 2786 1717 2840 ΙΙ
1747 2789 1801 2827 29
