1980 3134
771 107 850 155 111.
895 107 976 152 DE
1006 107 1221 153 UERBO.
1743 112 1842 166 135

151 235 263 288 sint
299 237 352 287 et
389 234 582 298 clarae,
622 233 727 286 nisi
751 236 933 287 tamen
963 235 1183 288 uerbum
1209 235 1465 299 adfuerit,
1506 236 1842 290 infirmantur

154 309 207 359 et
241 305 623 357 nullificantur.
682 304 822 357 unde
860 308 915 357 et
948 308 1117 358 status
1143 305 1349 358 uerbi-a
1373 306 1647 359 nonnullis
1674 307 1841 359 uirtus

153 378 510 444 nuncupatur.
568 374 708 443 quod
756 375 1090 428 uerissimum
1137 378 1241 445 est,
1290 376 1412 444 quia
1459 379 1512 428 et
1547 378 1842 429 testimonii

153 447 324 499 uirtus
362 447 419 498 in
456 443 748 498 indicatiuo
787 446 872 497 uel
908 446 1226 514 imperatiuo
1254 446 1339 498 uel
1364 446 1590 499 maxime
1615 447 1844 500 traditur

153 516 333 580 mod0,
385 515 476 584 qui
525 515 628 567 duo
675 516 731 567 in
776 516 925 568 uerbi
973 516 1211 568 oratione
1257 517 1546 569 firmissimi
1595 517 1883 570 dicuntur5

150 586 312 640 modi.
386 585 601 653 quidam
659 588 855 638 statum
903 586 1055 639 uerbi
1103 586 1248 639 hune
1294 605 1406 639 esse
1457 587 1664 651 dieunt,
1723 605 1842 641 eum

152 658 322 711 solum
370 656 591 708 uerbum
637 656 753 708 sine
799 656 907 708 ullo
945 656 1159 710 alterius
1196 657 1363 725 partis
1400 658 1660 710 orationis
1699 659 1842 710 adiu-

151 730 334 780 mento
373 725 598 778 edicitur
644 729 705 778 ut
751 729 833 778 est
880 727 985 795 leyo
1034 727 1121 778 uel
1159 729 1270 780 dieo
1307 727 1395 779 uel
1433 729 1560 781 dixi.
1625 729 1762 796 quod
1800 729 1844 781 si

151 801 256 865 est,
294 797 388 849 ubi
425 796 597 848 uirtus
635 797 935 865 apparebit,
985 798 1029 848 si
1068 815 1226 866 agere
1263 797 1484 849 uerbum
1522 798 1694 850 uisum
1732 816 1843 851 non

149 866 357 920 fuerit?
425 866 596 919 uirtus
645 867 789 919 enim
834 867 985 919 uerbi
1032 868 1195 919 actiui
1244 885 1351 919 non
1401 868 1460 919 in
1495 867 1594 920 hoc
1631 871 1842 921 tantum
1866 888 1906 921 ιο

152 937 492 1008 agnoscitur,
536 937 676 1006 quod
713 937 889 1006 ipsum
929 938 1150 989 uerbum
1188 938 1244 989 in
1284 939 1430 990 omni
1468 938 1708 990 oratione
1735 939 1842 1007 pri-

150 1027 297 1061 mum
333 1007 605 1076 loquatur,
645 1025 830 1059 uerum
872 1008 1031 1060 etiam
1071 1025 1191 1060 eum
1229 1008 1402 1060 aetiuo
1442 1007 1627 1060 hereat
1653 1010 1840 1061 eassui.

292 1077 373 1130 De
420 1079 522 1130 hoe
569 1080 713 1130 statu
759 1078 954 1130 librum
994 1077 1439 1147 eligantissimum
1477 1096 1637 1146 supra
1675 1078 1843 1131 dictus

152 1148 500 1202 Oornilius
528 1147 707 1216 edidit,
735 1166 891 1216 quem
917 1149 961 1200 si
987 1148 1263 1201 uolueritis
1290 1148 1482 1217 legere,
1509 1150 1566 1200 in
1592 1151 1843 1217 promptu

149 1219 374 1272 habetiS.
436 1237 500 1271 ex
548 1235 651 1287 quo
691 1236 856 1270 unum
893 1221 1105 1271 tantum
1144 1236 1349 1271 sumam
1385 1219 1630 1284 uerbum,
1683 1222 1844 1271 immo
1868 1237 1909 1269 15

151 1308 216 1342 ex
254 1289 418 1342 uerbo
457 1289 778 1357 capitulum,
818 1289 875 1340 in
915 1306 1019 1357 quo
1059 1291 1227 1341 status
1264 1289 1413 1341 uerbi
1452 1289 1729 1341 euidenter
1754 1308 1844 1358 ap-

149 1362 348 1430 pareat.
413 1377 578 1427 quare
615 1358 690 1410 ait
724 1363 893 1412 statas
929 1360 1161 1423 dicatur,
1201 1359 1459 1427 intelleye:
1496 1361 1624 1426 qnia
1651 1361 1710 1412 in
1726 1361 1843 1428 pri-

80 1446 86 1447 *
152 1433 252 1484 mis
286 1433 688 1498 praeposterata
735 1430 849 1482 lieet
891 1431 1227 1497 inscriptione
1266 1430 1548 1483 dictionum
1580 1430 1846 1496 frontibus

150 1502 368 1555 uerbum
407 1501 674 1556 statuitur.
755 1500 893 1553 unde
940 1504 1124 1553 errant
1168 1500 1271 1567 hii,
1321 1501 1414 1566 qui
1458 1504 1654 1552 statam
1698 1501 1845 1553 uerbi

150 1573 264 1625 ideo
320 1571 693 1639 appellandum
738 1573 958 1638 putant,
1018 1571 1146 1637 qnia
1199 1570 1418 1623 uerbum
1468 1587 1564 1637 per
1611 1571 1846 1623 ordinem
1867 1592 1908 1623 20

152 1643 474 1696 declinatur:
522 1657 638 1693 cnm
685 1642 823 1693 enim
861 1641 991 1693 dieis
1026 1644 1242 1706 statum,
1294 1657 1401 1693 non
1438 1657 1500 1693 ex
1537 1641 1642 1693 atio
1679 1641 1845 1707 mod0‚

144 1716 358 1781 praeter
404 1728 565 1778 qnam
612 1715 716 1764 stat
756 1711 841 1763 uel
876 1714 1167 1779 statuatur,
1217 1710 1444 1778 intelleyi
1480 1711 1635 1764 debet.
1709 1711 1846 1763 unde

151 1788 199 1837 et
241 1798 398 1849 snper
442 1785 583 1834 statu
628 1782 856 1834 hominis
901 1781 992 1834 hoe
1039 1782 1260 1833 dicimus
1268 1821 1282 1849 ‚
1331 1782 1469 1848 quod
1511 1781 1660 1833 homo
1697 1782 1756 1833 in
1793 1798 1846 1834 eo

153 1854 293 1921 qnod
346 1853 587 1919 eoeperit,
634 1855 1032 1919 perseueranter
1078 1855 1218 1904 stare
1267 1852 1529 1904 uideatur.
1606 1851 1744 1903 sieut
1793 1854 1846 1902 et

154 1923 466 1991 Origines
504 1920 794 1974 Africanus
840 1922 896 1973 in
934 1920 1161 1989 quodam
1201 1921 1471 1973 uolumine
1509 1937 1668 1990 super
1705 1923 1846 1973 statu
1868 1946 1910 1978 25

152 1993 386 2046 hominis
425 1992 567 2045 edito
618 1993 695 2044 sie
731 1991 873 2044 fatus
912 1996 1016 2043 est:
1054 1992 1279 2044 hominis
1314 1992 1563 2059 inquiens
1599 1995 1767 2044 status
1799 1992 1848 2044 si

151 2066 210 2118 in
248 2068 385 2133 cepto
414 2066 749 2132 permaneat,
798 2063 934 2115 nihil
969 2062 1333 2116 instabilitatis
1368 2061 1597 2126 habebit,
1644 2062 1735 2114 sed
1767 2062 1847 2113 in-

152 2135 416 2188 motabilis
453 2134 832 2201 quodammodo
869 2136 917 2186 et
952 2135 1193 2186 aeternus
1230 2132 1609 2185 aestimabitur.

295 2204 453 2258 Hune
502 2203 842 2273 Originem
904 2220 1022 2255 cum
1076 2202 1305 2254 Romani
1359 2202 1598 2270 legerent
1652 2200 1846 2270 (fidelis

153 2276 259 2327 nisi
307 2276 432 2343 quia
476 2274 693 2342 gentilis
731 2273 868 2343 erat)
906 2273 1047 2325 inter
1082 2272 1318 2324 fidelium
1357 2271 1519 2323 libros
1558 2270 1845 2338 suscipien-
1869 2295 1911 2327 30

155 2345 277 2397 dum
328 2345 691 2397 decreuerunt.
763 2343 906 2395 hune
953 2360 1183 2410 namque
1230 2359 1433 2394 morem
1483 2358 1547 2393 ex
1596 2340 1848 2408 apostoli-

155 2433 335 2468 corum
373 2413 692 2467 auctoritate
739 2413 981 2464 uirorum
1019 2410 1264 2464 Romana
1300 2411 1476 2464 tenuit
1512 2428 1572 2463 ae
1611 2411 1849 2462 seruauit

158 2485 402 2547 eeclesia,
442 2487 503 2537 ut
539 2483 950 2536 christianorum
989 2482 1111 2533 libri
1149 2481 1589 2550 philosophorum
1627 2480 1846 2550 repositi

156 2575 187 2608 a
242 2555 524 2625 gentilium
584 2553 794 2622 scriptis
850 2552 1189 2604 haberentur.
1273 2569 1389 2604 cum
1443 2550 1584 2603 enim
1634 2567 1847 2603 necesse

156 2626 416 2678 haberent
463 2625 705 2677 homines
753 2623 808 2675 in
848 2622 1155 2674 liberalibus
1194 2621 1477 2674 saecularis
1514 2621 1845 2674 litteraturae
1868 2647 1909 2681 35

270 2794 342 2838 8f.
375 2793 537 2850 quodsi
568 2792 650 2836 ubi
681 2793 752 2835 est
779 2791 942 2847 Ν1125
973 2789 1174 2846 Originis
1203 2789 1259 2833 N
1274 2790 1290 2845 ΙΙ
1312 2794 1365 2833 29
1397 2788 1558 2833 fideles
1587 2789 1643 2833 N
1658 2790 1673 2845 ΙΙ
1696 2794 1750 2834 33
1779 2801 1847 2832 se-

155 2850 299 2908 positi
328 2851 491 2895 Maius
519 2850 572 2893 in
595 2848 754 2904 prima
786 2847 996 2892 editione.
