1980 3134
763 76 1122 123 PRAEFATIO.
1695 81 1794 133 107

97 207 295 258 stiones
334 204 504 257 diuiso
531 223 562 257 a
588 205 854 274 plerisque
891 206 1048 258 modo
1088 208 1141 257 et
1179 205 1483 258 sentiuntur
1520 209 1574 258 et
1609 206 1796 276 legun-

95 280 197 342 tur,
227 293 346 328 mea
369 276 657 345 praecipua
680 276 737 327 in
765 275 1101 344 explanando
1127 276 1278 328 fieret
1304 275 1597 345 diligentia.
1655 277 1795 329 unde

96 350 150 399 et
198 364 324 416 ego,
376 347 500 415 quia
548 346 806 399 orationis
844 349 1024 414 partes
1064 349 1186 399 octo
1225 349 1373 414 sunt,
1422 349 1544 399 octo
1585 363 1796 416 quoque

95 419 153 469 in
190 435 298 470 uno
337 417 464 469 lieet
502 417 753 485 epistolas
790 417 1062 469 uolumine
1088 417 1327 486 digerere
1363 417 1618 486 dispono:
1657 418 1796 486 quod

96 488 258 540 etiam
294 488 352 539 in
388 486 490 540 XV
529 487 875 555 epistolarum
911 487 1168 539 Affricam
1204 488 1484 540 missarum
1522 487 1794 541 uolumine
1838 504 1858 536 5

94 557 164 610 ad
184 557 480 611 Fabianum
506 575 731 626 puerum
755 575 932 610 meum
957 558 1340 626 peritissimum
1366 575 1426 611 ae
1453 558 1794 627 doosslimum,

92 631 221 681 tuno
268 628 552 698 gentilem,
603 646 747 680 nuno
792 631 969 680 autem
1006 628 1218 680 fidelem
1255 629 1576 697 baptismate
1613 629 1795 698 purifi-

95 702 298 767 catum,
339 698 523 751 eodem
560 698 830 751 scribendi
866 716 1011 750 more
1048 698 1239 752 fecisse
1276 699 1514 751 memini.

66 803 92 825 .
237 768 390 830 Quod
426 769 656 821 forsitan
693 769 885 838 aliquis
922 769 1169 833 miretur,
1194 770 1359 837 ,quod
1396 769 1609 823 insolito
1646 787 1793 822 more

94 839 439 908 epistolarum
484 857 783 892 sermonem
839 839 996 891 unius
1043 839 1301 908 epistolae
1358 840 1518 892 modo
1573 839 1792 892 insimul
1817 855 1857 886 10

93 909 372 962 dumtaxat
413 910 606 963 missae
654 911 750 962 sub
797 910 954 961 unius
997 910 1158 962 titulo
1197 910 1366 962 libelli
1404 911 1792 979 conposuerim.

91 981 329 1049 quisquis
356 981 460 1033 hoo
484 981 630 1033 facto
657 982 921 1047 mouetur,
948 980 1251 1033 meminerit
1276 980 1494 1033 Lassii
1519 981 1791 1049 purissimi

91 1051 344 1115 oratoriS,
416 1050 577 1104 XVII
637 1050 1142 1120 interpretationum
1201 1050 1457 1119 epistolas
1527 1051 1624 1103 sub
1684 1069 1791 1104 uno

88 1124 327 1189 tempore
371 1139 582 1190 unoque
629 1122 752 1174 stilo
800 1121 864 1174 ad
913 1139 1082 1173 unum
1129 1122 1459 1190 eundemque
1506 1122 1791 1190 petitorem

89 1192 464 1258 destinauer1t‚
521 1209 632 1244 non
689 1209 792 1260 quo
849 1191 940 1244 ille
994 1191 1195 1262 petitor
1248 1191 1396 1243 illam
1445 1192 1790 1260 epistolarum
1816 1207 1855 1238 15

88 1264 527 1315 numerositatem
578 1262 956 1331 postulauerit‚
1016 1262 1108 1314 sed
1155 1279 1259 1330 quo
1315 1265 1369 1314 et
1414 1263 1660 1314 leuamen
1710 1258 1829 1316 sui⁰

89 1333 265 1400 operis
315 1337 369 1385 et
424 1333 749 1386 lecturorum
809 1332 1239 1385 commoditatem
1298 1332 1518 1400 depulso
1571 1336 1630 1385 ut
1676 1333 1791 1386 fieri

89 1403 227 1456 solet
285 1404 618 1456 inmotabilis
674 1403 923 1456 lectionis
978 1403 1197 1455 fastidio
1245 1403 1571 1471 adquisierit.
1655 1405 1792 1456 sieut

87 1491 319 1542 namque
357 1474 459 1543 hii,
499 1475 589 1543 qui
626 1474 792 1543 longa
815 1475 1023 1526 uiarum
1049 1474 1223 1542 spatia
1247 1475 1482 1526 mensuri
1507 1474 1610 1525 iter
1635 1492 1790 1527 suum

90 1544 410 1611 quibusdam
465 1545 806 1597 mansionum
862 1544 1122 1596 limitibus
1181 1561 1242 1596 ao
1296 1544 1540 1596 terminis
1586 1544 1787 1614 leuant,
1813 1559 1854 1590 20

89 1615 460 1667 lassitudinem
498 1616 646 1685 longi
686 1614 1076 1688 quodammodo
1116 1614 1264 1667 iteris
1301 1617 1688 1683 temperanteS,
1739 1618 1792 1668 et

88 1685 275 1738 urbem
312 1685 399 1738 uel
435 1686 638 1754 locum,
679 1703 783 1754 quo
825 1669 1053 1738 eundum
1092 1685 1188 1751 sit,
1228 1686 1435 1738 minore
1462 1688 1522 1737 ut
1546 1686 1623 1737 ita
1647 1657 1790 1738 dixe-

87 1756 189 1807 rim
226 1755 408 1808 labore
444 1756 830 1825 perpendiunt,
871 1756 1003 1808 certi
1039 1755 1182 1836 quod
1219 1774 1325 1807 una
1363 1756 1446 1808 die
1483 1755 1624 1808 tanti
1660 1759 1790 1808 tem-

87 1826 232 1894 poris
269 1827 374 1878 iter
410 1827 671 1880 conficere
697 1844 806 1879 non
831 1826 1089 1878 ualebunt
1113 1826 1219 1878 nisi
1243 1844 1339 1894 per
1375 1826 1586 1879 callium
1621 1826 1791 1879 lineas

87 1899 141 1948 et
178 1896 435 1965 quosdam
472 1897 868 1966 requietionum
905 1896 1088 1948 modos
1125 1896 1380 1949 laboriosi
1415 1896 1622 1949 itineris
1656 1914 1787 1950 onus
1810 1911 1851 1944 25

88 1967 456 2034 deposuerint:
494 1968 570 2020 ita
597 1969 758 2020 etiam
784 1967 859 2019 hii
873 1967 1007 2036 ,qui
1032 1967 1335 2019 inmensum
1361 1967 1628 2034 seribendi
1655 1985 1789 2036 opus

88 2037 405 2107 arripientes
443 2041 498 2091 et
535 2039 598 2091 de
635 2038 877 2107 pluribus
914 2038 1071 2089 rebus
1110 2055 1171 2090 ao
1207 2027 1608 2106 quaestionibus
1636 2056 1789 2090 suum

87 2109 417 2176 conposituri
486 2126 812 2176 sermonem,
883 2107 1023 2177 quod
1080 2109 1299 2160 nonnisi
1363 2108 1621 2160 librorum
1684 2107 1790 2160 fre-

89 2178 370 2246 quentibus
437 2180 811 2248 explieitorum
865 2178 1062 2231 finibus
1120 2178 1559 2259 sequentiumque
1614 2178 1787 2230 initiis

87 2248 323 2301 laborem
363 2268 515 2302 suum
553 2250 998 2318 temperauerint‚
1035 2266 1103 2301 ne
1139 2249 1281 2302 sibi
1266 2249 1397 2320 ipsis
1423 2249 1481 2300 in
1507 2248 1786 2300 scribendo
1808 2261 1850 2294 30

88 2323 140 2370 et
176 2319 465 2372 lectoribus
503 2319 781 2373 fastidium
819 2320 929 2372 sint
965 2320 1022 2371 in
1048 2319 1430 2387 perscrutando
1456 2318 1783 2387 generaturi,

203 2542 519 2587 lsentiantur
548 2542 605 2587 N
620 2543 636 2598 ΙΙ
657 2547 685 2586 4
715 2543 887 2599 degere
916 2542 973 2586 N
987 2553 1108 2631 ἓοξῖῑ
1123 2541 1230 2585 Mai
1248 2541 1267 2598 ΙΙ
1288 2547 1313 2586 5
1334 2542 1383 2585 in
1403 2541 1610 2586 Africam
1631 2543 1738 2588 Mai
1759 2544 1780 2602 ΙΙ

88 2645 140 2684 13
181 2641 398 2697 oratoris]
442 2642 523 2697 qui
564 2641 675 2685 add.
714 2641 821 2685 Mai
851 2643 867 2697 Η
891 2640 1216 2710 septemdecim
1256 2640 1311 2684 N
1335 2641 1350 2697 ΙΙ
1380 2641 1429 2684 et
1466 2653 1559 2685 uno
1589 2641 1647 2685 N
1669 2654 1784 2687 corr.

89 2710 196 2755 Mai
216 2712 232 2767 11
258 2715 307 2754 16
338 2711 644 2768 postolaverit
672 2712 729 2755 N
745 2713 760 2767 ΙΙ
785 2717 836 2756 18
867 2702 1132 2766 atquisierit
1161 2710 1217 2754 N
1233 2711 1248 2766 ΙΙ
1271 2711 1390 2755 siout
1411 2714 1448 2768 (s
1469 2713 1599 2774 corr.)
1621 2712 1677 2756 N
1693 2713 1709 2768 {l
1733 2717 1785 2757 19

89 2767 188 2823 qui]
229 2767 311 2824 gui
340 2768 396 2811 N
420 2768 435 2823 ΙΙ
465 2773 518 2812 22
551 2768 757 2812 eundum
818 2783 867 2824 u²
897 2781 952 2813 ex
984 2781 1011 2811 a
1048 2766 1103 2809 N
1129 2769 1144 2823 ΙΙ
1175 2772 1228 2811 23
1252 2766 1578 2831 perpendiunt
1606 2768 1663 2812 N
1686 2770 1702 2825 ΙΙ
1731 2774 1787 2813 24

89 2823 261 2866 callum
290 2824 347 2867 N
363 2825 379 2879 ΙΙ
401 2827 455 2868 25
485 2824 690 2868 laborosi
791 2826 806 2880 u
828 2797 978 2868 h²onus
1006 2825 1062 2868 N
1078 2825 1093 2880 ΙΙ
1116 2829 1168 2868 29
1198 2823 1325 2868 initis
1355 2824 1411 2867 N
1426 2826 1441 2879 11
1464 2829 1518 2869 30
1541 2826 1616 2882 ne]
1640 2826 1688 2870 et
1717 2825 1783 2869 N.
