1980 3134
200 76 302 129 144
578 74 838 120 VIRGILII
867 74 1087 119 MARON
1093 74 1143 118 IS
1172 73 1518 123 EPISTOLAE.

204 206 256 255 et
301 206 602 271 temporum
651 201 936 254 discrimen
973 201 1249 253 habeatur.
1313 201 1358 253 si
1397 202 1539 253 enim
1575 201 1893 270 imperatiuo

203 273 360 325 modo
417 273 561 325 dicas
617 271 908 324 secundum
965 271 1190 339 primam
1248 272 1681 340 coniugationem
1732 272 1895 325 lauda

202 344 411 406 laudat,
451 344 570 396 doce
607 344 767 410 docet,
807 342 911 409 lcye
949 341 1096 409 leyet,
1141 341 1493 394 indicatiuum
1529 341 1746 394 modum
1784 359 1894 394 non

203 413 477 482 putabitur
516 415 569 464 et
593 413 971 480 imperatiuum
998 411 1136 463 uelle
1160 413 1214 464 te
1240 412 1559 480 praedicare.
1610 411 1710 464 hoc
1736 412 1894 464 etiam

160 499 180 531 5
203 486 257 535 in
299 483 723 535 ordinationibus
751 482 922 534 uisum
950 484 1030 534 est
1055 482 1404 562 ingerendum
1421 524 1434 551 ,
1469 500 1632 550 quare
1667 482 1723 534 in
1751 482 1896 534 omni

203 553 576 622 coniugatione
615 552 703 604 hic
741 552 870 605 ordo
910 558 1178 620 seruetur,
1217 555 1277 604 ut
1312 555 1369 604 in
1395 553 1550 604 modo
1577 553 1894 621 imperatiuo

203 625 437 675 secunda
484 641 714 692 persona
760 623 819 675 in
865 640 959 674 suo
1009 639 1217 690 semper
1253 625 1396 676 statu
1434 625 1756 691 permaneat.
1820 622 1896 675 fa-

202 693 316 746 cilis
365 696 445 746 est
493 693 818 762 quaestionis
867 692 1024 745 huius
1071 693 1292 760 solutiO,
1339 694 1465 761 quia
1501 693 1634 746 haec
1669 710 1896 762 persona

201 764 432 816 secunda
499 763 648 816 nulla
710 763 1096 832 discrepatione
1161 764 1371 833 cogitur
1436 763 1676 816 ordinem
1743 781 1897 815 suum

138 853 178 884 10
200 837 422 886 motare.
1245 890 1255 897 ,

342 903 502 957 Nunc
552 903 615 956 de
664 903 1028 956 moderatione
1074 904 1301 956 strictim
1352 904 1562 972 quidem
1611 903 1702 955 sed
1739 903 1897 971 plene

201 975 374 1027 dicere
423 974 691 1026 debemus,
754 974 1048 1026 moderatio
1101 977 1181 1026 est
1228 991 1332 1042 qua
1377 992 1473 1042 per
1509 973 1695 1026 modos
1733 974 1897 1025 uerba

201 1045 588 1113 ponderantur:
636 1045 693 1096 in
740 1062 844 1113 quo
877 1044 1238 1097 moderamine
1276 1044 1678 1096 ratiocinatores
1714 1061 1898 1096 nume*

201 1133 378 1167 rorum
427 1115 713 1184 diligenter
757 1115 1064 1183 inquirunt,
1120 1132 1282 1182 quare
1329 1115 1571 1183 sescopla
1609 1114 1898 1166 moderatio

139 1201 180 1234 15
205 1186 491 1254 habeatur3
539 1188 592 1237 et
629 1187 962 1253 perpessiore
999 1185 1259 1237 laetantes
1296 1185 1571 1237 intellectu
1609 1185 1898 1237 secundum

203 1274 295 1308 sex
346 1259 548 1308 aetates
596 1255 681 1307 uel
729 1259 972 1324 tempora
1009 1256 1192 1307 mundi
1231 1273 1322 1307 sex
1360 1254 1543 1307 modos
1580 1255 1730 1307 uerbi
1766 1272 1897 1323 pon·

202 1326 414 1378 deratos
464 1344 495 1378 a
542 1326 811 1377 ueteribus
862 1325 1195 1394 philosophis
1254 1327 1477 1378 credunt
1524 1327 1578 1378 et
1624 1328 1893 1378 asserunt:

202 1397 340 1448 sicut
388 1396 548 1448 etiam
595 1398 835 1464 tempora
870 1396 1155 1448 uerborum
1201 1396 1345 1448 trino
1384 1396 1569 1448 ordine
1606 1395 1898 1448 secundum

206 1466 433 1519 uisibilis
472 1466 653 1518 mundi
692 1470 932 1534 tempora
967 1467 1234 1535 permensi
1273 1470 1418 1518 sunt.

139 1552 181 1584 20
344 1536 410 1589 In
447 1536 547 1589 hac
585 1554 710 1606 ergo
749 1554 877 1589 sena
908 1537 1269 1590 moderatione
1293 1537 1580 1589 uerborum
1604 1536 1897 1588 nonnullae

203 1607 540 1675 quaestiones
567 1607 841 1663 incedunt.
904 1608 1075 1676 prima
1101 1625 1279 1659 eorum
1305 1608 1559 1671 nascitur,
1596 1607 1688 1675 qui
1714 1624 1898 1660 secun-

204 1678 326 1729 dum
364 1677 638 1730 literarum
677 1678 917 1730 ordinem
956 1678 1139 1730 modos
1176 1695 1383 1746 quoque
1420 1678 1706 1730 uerborum
1737 1677 1894 1729 ordiri

202 1748 390 1800 debere
437 1751 788 1816 putauerunt,
838 1749 915 1800 ita
961 1752 1022 1800 ut
1069 1749 1134 1800 ab
1180 1748 1496 1817 imperatiuo
1546 1747 1702 1800 modo
1741 1747 1898 1799 decli-

206 1818 479 1870 nationem
521 1819 670 1871 uerbi
708 1819 1100 1887 exordirentur3
1140 1819 1424 1887 praecipue
1451 1819 1496 1870 si
1521 1819 1581 1870 in
1618 1836 1652 1871 a
1688 1818 1898 1870 literam

140 1907 181 1938 23
205 1888 491 1956 desineret,
530 1892 591 1940 ut
626 1894 802 1943 macta
837 1890 947 1957 liya
975 1890 1199 1956 planta,
1239 1893 1293 1941 et
1329 1890 1395 1941 ab
1428 1889 1529 1941 hoc
1558 1890 1716 1941 modo
1743 1888 1897 1940 finito

202 1929 502 2010 infinitiuu's
538 1959 726 2010 modus
761 1963 1096 2027 sequeretur,
1137 1960 1264 2028 quia
1302 1961 1359 2011 in
1396 1978 1422 2012 e
1448 1959 1656 2012 literam
1682 1958 1900 2010 finiatur

201 2031 262 2081 ut
307 2033 538 2082 mactare
586 2029 751 2096 liyare
788 2031 1066 2099 plantare;
1118 2030 1307 2081 deinde
1354 2031 1478 2098 post
1524 2030 1669 2080 hunc
1706 2031 1896 2095 tutum,

202 2116 320 2151 cum
360 2099 425 2151 ad
463 2098 813 2152 indicatiuum
852 2103 1073 2151 uentum
1111 2099 1324 2165 fuisset,
1374 2117 1406 2150 a
1441 2099 1728 2167 praeterito
1767 2102 1899 2151 tem-

201 2187 330 2237 pore
385 2171 621 2238 perfecto
678 2170 1019 2238 incipientes,
1080 2170 1221 2238 quod
1274 2171 1335 2222 ui
1391 2170 1550 2221 litera
1606 2169 1790 2221 finitu1
1839 2173 1899 2221 ut

137 2257 178 2288 30
202 2242 437 2293 maetam:
485 2241 653 2307 ἱέρειαί
690 2242 970 2308 plantam,
1022 2241 1078 2292 in
1126 2240 1395 2308 praesenti
1443 2243 1682 2308 tempore
1731 2240 1894 2291 finem

202 2309 365 2362 uerbo
413 2313 739 2377 statuerent,
789 2311 914 2379 quia
961 2311 1015 2363 in
1064 2328 1091 2364 o
1130 2311 1448 2363 terminatur
1493 2314 1552 2362 ut
1588 2315 1755 2363 macto
1794 2310 1895 2377 Ziyo

192 2381 396 2447 planto.
455 2381 546 2432 sed
585 2381 708 2449 quia
734 2382 869 2434 haec
894 2381 1108 2434 illorum
1135 2382 1399 2434 sententia
1425 2381 1643 2433 omnino
1667 2380 1894 2448 suspicio

314 2540 342 2577 4
371 2535 643 2590 praedicere
677 2535 732 2579 N
745 2549 857 2580 corr.
878 2535 985 2578 Mai
984 2536 1020 2647 ]n
1043 2540 1068 2579 5
1099 2537 1186 2594 &in
1207 2535 1262 2580 N
1276 2536 1292 2591 ΙΙ
1313 2540 1338 2579 8
1371 2535 1540 2579 solutio
1563 2536 1614 2591 (u
1637 2548 1692 2579 ex
1712 2535 1778 2584 15³)
1802 2533 1858 2577 N
1871 2535 1876 2589 Ι

207 2595 257 2632 12
289 2593 450 2634 modos
465 2591 621 2690 SNMss
607 2597 659 2636 15
687 2606 857 2648 perpes
839 2592 1001 2647 ssiore]
1034 2593 1066 2635 i.
1092 2605 1132 2647 q
1166 2586 1467 2655 per-pensiore
1499 2593 1514 2647 11
1549 2590 1645 2638 16f.
1675 2592 1896 2647 poterans

203 2646 482 2700 N‚posito
571 2648 621 2690 ai
651 2651 750 2703 [120
781 2662 835 2691 ac
866 2647 951 2702 ΝΙΙ
974 2653 1024 2690 21
1058 2648 1344 2703 quaestionis
1366 2647 1421 2690 N
1437 2649 1452 2703 ΙΙ
1475 2653 1526 2690 22
1559 2647 1772 2690 ordinum
1805 2645 1892 2703 ΝΗ

203 2706 257 2744 23
289 2703 484 2746 deberet
512 2703 568 2746 N
583 2705 598 2760 ΙΙ
619 2705 680 2747 ad
710 2704 767 2747 N
781 2706 796 2760 ΙΙ
819 2709 873 2747 24
904 2704 1202 2747 exodirentur
1231 2703 1288 2746 N
1301 2705 1316 2760 ΙΙ
1340 2709 1391 2747 27
1421 2705 1572 2747 totum
1603 2703 1671 2754 N,
1705 2702 1892 2745 modum

206 2757 310 2857 chi
338 2759 353 2813 ΙΙ
373 2764 437 2860 ῗέ
473 2761 707 2804 sententia
736 2762 819 2803 in·
844 2775 926 2803 m·
954 2775 1035 2802 m·
1061 2760 1139 2802 in·
1165 2773 1190 2803 o
1230 2759 1295 2803 Ν
1345 2774 1380 2803 a.
1417 2760 1607 2814 incepta-
1641 2758 1749 2801 Mai
1778 2759 1793 2814 ΙΙ
1824 2773 1894 2802 su-

203 2828 274 2868 spl
298 2827 344 2856 la
