1980 3134
733 98 811 146 ΠΙ.
856 98 936 143 DE
967 99 1186 146 UERBo.
1701 105 1800 158 153

112 225 378 292 αενὶίαΐίε,
417 241 552 292 quae
588 226 903 292 credidistiS,
941 228 1238 295 transyredi
1273 228 1551 281 uolui-stis?
1587 229 1686 282 hoc
1720 234 1801 283 est

112 294 286 347 dicere
325 312 458 362 quae
493 295 730 348 iurastis,
788 295 946 349 Cato
984 314 1193 365 quoque
1216 298 1264 351 si
1290 299 1406 365 quis
1431 299 1505 351 ait
1529 299 1799 367 discredat,

112 366 293 419 merito
341 366 666 432 dampnetur.
728 365 831 418 hoc
881 369 962 418 est
1004 369 1252 434 periuret.
1317 368 1394 420 sic
1433 369 1593 421 etiam
1630 370 1802 422 lucror

113 435 377 504 duplicem
423 453 636 487 sensum
681 436 871 503 habet,
927 438 1178 505 pecunias
1225 438 1428 491 scilicet
1474 440 1797 507 acquirendi,

111 506 410 574 periculum
444 504 614 557 nihilo
650 505 828 558 minus
865 510 1154 560 mortemue
1193 508 1467 564 euadendi.
1523 512 1597 562 sic
1635 511 1800 563 coibeo
1844 525 1864 558 5

113 576 178 628 ad
216 575 606 629 continentiam
643 576 754 629 siue
791 577 1014 629 alicuius
1051 578 1127 630 rei
1165 578 1550 648 indulgentiam
1590 597 1801 632 conces-

113 646 423 714 sionemque
477 646 782 714 pertinebit.
854 650 1131 700 motantur
1185 666 1391 717 quoque
1447 667 1542 717 per
1587 650 1799 719 figuraS,
1874 699 1878 703 .

113 717 254 785 quod
294 716 538 768 omnibus
576 734 831 785 apparere
869 717 1171 786 legentibus
1196 722 1396 786 potest:
1434 724 1803 772 uerumtamen

111 805 220 839 uno
266 786 368 839 hoc
414 786 760 855 probabimus
807 789 1064 856 exemplo.
1128 789 1348 840 dicimus
1387 790 1530 841 enim
1565 794 1802 843 construo
1902 845 1906 849 ,

114 864 165 909 et
210 858 454 922 adsistam·
509 857 652 909 aliud
699 857 842 909 enim
889 858 1228 926 aedificandi,
1280 859 1424 911 aliud
1470 859 1796 912 adfirmandi.
1822 875 1863 907 10

111 929 387 980 motantur
432 927 603 979 nihilo
649 928 826 980 minus
861 946 959 996 per
994 931 1255 997 tempora,
1306 946 1426 981 cum
1462 930 1519 981 in
1556 930 1801 982 lectionis

114 997 501 1050 consuetudine
537 998 825 1050 habeamus
850 999 907 1051 in
933 1016 1033 1051 usu
1057 999 1352 1067 praesentis
1388 1002 1599 1067 tempus
1636 1001 1802 1068 (pro)

114 1069 404 1137 praeterito
430 1067 668 1136 perfecto
695 1069 940 1136 scribere,
975 1072 1036 1121 ut
1062 1068 1358 1122 Catonis:
1397 1086 1513 1122 cum
1546 1071 1806 1123 uenissent

112 1138 300 1207 inquid
334 1140 544 1206 utrique
570 1140 741 1207 primi
778 1140 1074 1193 alloountur
1110 1139 1361 1193 Romani.
1425 1141 1526 1192 hoc
1563 1143 1642 1191 est
1680 1140 1805 1193 allo-

113 1211 219 1263 cuti
254 1212 391 1262 sunt.
455 1213 545 1261 sed
583 1227 688 1277 qua
725 1210 931 1262 ratione
967 1210 1107 1261 istud
1135 1212 1449 1278 usurpatum
1476 1211 1580 1274 est,
1618 1210 1803 1278 paucis
1825 1225 1865 1257 15

114 1279 430 1348 perdoctum
469 1283 573 1347 est,
623 1280 726 1331 nisi
765 1280 890 1348 quia
928 1279 1084 1331 multi
1121 1279 1434 1332 Latinorum
1470 1298 1501 1331 a
1537 1279 1805 1331 ueteribus

113 1350 215 1403 sibi
251 1350 507 1402 traditum
544 1353 739 1418 putant
773 1367 1024 1418 praesens
1055 1352 1263 1417 tempus
1288 1350 1353 1401 ad
1378 1351 1662 1417 utrumque
1688 1367 1804 1418 per-

113 1421 320 1485 tinere,
369 1420 481 1471 siue
518 1420 661 1488 quod
696 1420 750 1472 id
787 1420 1044 1489 temporis
1083 1420 1262 1488 agitur
1298 1420 1411 1472 siue
1448 1425 1588 1487 quod
1627 1420 1805 1472 certis-

117 1491 251 1543 simo
288 1494 528 1559 tempore
567 1491 719 1559 quasi
755 1491 1025 1558 praesenti
1062 1491 1120 1541 in
1158 1494 1281 1542 actu
1316 1490 1642 1558 praeteriuit.

254 1560 415 1614 Nunc
452 1560 519 1613 ad
554 1560 954 1631 indagationem
992 1559 1141 1613 uerbi
1177 1560 1469 1612 ueniamus
1531 1559 1803 1628 indagatio
1826 1573 1868 1607 20

115 1631 266 1684 uerbi
301 1631 474 1683 tribus
511 1631 682 1683 modis
719 1631 1073 1701 intellegitur:
1113 1630 1171 1681 in
1200 1630 1600 1699 coniugatione,
1638 1630 1696 1681 in
1721 1628 1805 1682 de-

117 1702 434 1766 clinatione,
472 1701 531 1753 in
567 1705 757 1755 metro.
820 1702 879 1753 in
917 1700 1293 1770 coniugatione
1331 1700 1542 1768 quidem
1578 1717 1674 1768 per
1698 1702 1806 1752 tres

116 1772 298 1825 literas
335 1772 663 1840 principales
700 1771 1009 1841 indagatur,
1054 1788 1190 1839 quae
1228 1774 1353 1822 sunt
1388 1789 1423 1823 a
1460 1788 1485 1823 e
1519 1772 1566 1838 i,
1615 1770 1806 1838 quibus

119 1843 274 1911 quasi
321 1842 551 1912 quadam
594 1843 848 1912 indagine
898 1860 928 1894 a
965 1840 1193 1894 secunda
1227 1858 1453 1909 persona
1489 1839 1635 1892 modi
1671 1839 1806 1891 indi-

119 1913 282 1966 catiui
330 1913 504 1966 omnis
544 1913 847 1983 coniugatio
882 1930 978 1981 per
1016 1911 1255 1980 singulos
1291 1910 1476 1963 modos
1515 1905 1807 1962 dinoscitur
1827 1922 1870 1955 25

116 1988 177 2036 ut
215 1984 407 2038 laudas
439 1984 605 2052 fulyes
639 1984 790 2052 sepis.
853 1982 1136 2052 indagatur
1166 1983 1342 2033 autem
1369 1980 1427 2032 in
1453 1980 1807 2032 declinatione

115 2072 213 2123 per
250 2054 482 2123 quinque
518 2059 786 2123 tempora,
827 2071 960 2121 quae
998 2051 1284 2104 manifesta
1309 2053 1460 2103 sunt:
1498 2050 1588 2102 uia
1611 2050 1807 2119 quippe

117 2125 270 2177 uerbi
321 2124 626 2177 declinandi
661 2126 871 2191 tempus
911 2126 1007 2175 est.
1072 2140 1195 2190 sepe
1233 2121 1392 2174 etiam
1429 2120 1714 2189 indagatur
1750 2120 1808 2171 in

116 2199 287 2248 metro
334 2212 431 2263 per
465 2195 654 2263 pedeS‚
704 2194 795 2262 qui
831 2196 955 2246 sunt
987 2193 1252 2261 syllabae:
1305 2193 1572 2243 crescente
1609 2190 1807 2242 etenim

120 2265 445 2334 syllabarum
480 2282 703 2317 numero
741 2267 912 2316 metra
948 2263 1099 2315 uerbi
1125 2263 1501 2330 conponuntur
1525 2261 1582 2312 in
1607 2277 1804 2326 uersus,
1828 2270 1870 2304 30

118 2336 260 2404 quod
296 2335 510 2403 planius
547 2337 605 2386 in
643 2334 997 2386 declinatione
1034 2331 1393 2401 probabimus,

260 2405 566 2457 Affirmatio
602 2421 709 2456 uno
746 2405 905 2456 modo
945 2402 1232 2455 secundum
1267 2403 1506 2466 nostroe,
1545 2417 1665 2452 cum
1703 2398 1806 2452 duo

117 2475 284 2528 uerba
320 2492 417 2543 pro
455 2474 770 2526 affirmanda
806 2473 1072 2526 sententia
1107 2471 1204 2523 uni
1242 2470 1464 2523 dictioni
1497 2469 1810 2538 praesidunt

236 2678 255 2714 1
290 2670 500 2715 credistis
531 2669 588 2714 N
610 2681 723 2716 corr.
754 2669 862 2712 Mai
890 2670 906 2724 n
933 2673 960 2712 4
1000 2669 1049 2711 at
1083 2665 1267 2710 uirendi
1297 2665 1354 2710 N
1374 2667 1389 2722 ιι
1419 2670 1445 2710 5
1476 2638 1663 2709 cohibeo
1690 2663 1810 2719 N<h

120 2729 217 2782 fere
246 2728 378 2782 eras.)
402 2727 417 2782 ΙΙ
442 2732 491 2769 12
514 2740 650 2769 usum
670 2725 727 2769 N
742 2726 757 2781 ΙΙ
778 2724 1036 2782 praesentis
1118 2756 1128 2778 ‚
1158 2723 1263 2777 fort,
1289 2723 1534 2786 praesente
1557 2723 1572 2778 ΙΙ
1593 2734 1677 2777 pro
1698 2720 1808 2765 add.

121 2785 228 2829 Mai
249 2785 266 2840 ΙΙ
290 2788 340 2827 16
370 2782 646 2839 perdoctum
677 2781 748 2835 N,
782 2779 1128 2836 perdocendum
1157 2778 1264 2822 Mai
1285 2780 1300 2835 ΙΙ
1325 2784 1373 2822 17
1405 2777 1627 2822 traditam
1647 2777 1701 2821 N
1718 2777 1733 2832 ΙΙ
1757 2780 1807 2819 19

122 2843 279 2883 actum
309 2839 365 2884 N
381 2841 396 2895 ΙΙ
419 2844 472 2883 20
502 2838 731 2896 indigatio
762 2836 826 2882 N.
