1980 3134
223 124 292 177 66
609 121 867 167 VIRGILII
896 121 1170 166 MARONIS
1200 122 1528 168 EPITOMAE.

224 250 429 316 confero
469 252 522 302 et
568 253 759 302 cetera.
836 251 961 300 sunt
1007 253 1281 317 praeterea
1317 250 1507 318 uerba,
1555 267 1692 318 quae
1730 254 1917 304 eontra

223 321 506 373 ussitatam
556 319 881 372 latinitatem
935 319 1022 371 uel
1078 319 1379 372 adiciuntur
1427 320 1647 388 syllabis
1691 322 1779 373 uel
1826 322 1914 374 de-

223 391 556 443 minuuntur.
621 389 924 441 adieiuntur
960 392 1022 441 ut
1058 390 1222 457 leyero
1258 392 1336 443 ris
1360 392 1458 456 rit,
1498 391 1770 458 legerimus
1792 393 1914 445 ritis

222 463 335 514 rint
380 464 434 513 et
481 460 581 512 hoe
626 459 917 512 indicatiuo
963 459 1122 512 modo
1159 462 1400 528 tempore
1438 461 1706 529 praesenti
1742 464 1802 513 ut
1838 479 1915 514 se-

180 547 200 578 5
226 531 447 600 quentia
500 530 798 582 declarant:
848 529 1206 598 inperfectum
1263 531 1568 598 leyerebam,
1618 531 1916 599 perfeetum

223 602 423 669 leges-si,
463 600 1046 669 plusquamperfectum
1072 601 1396 667 leyesseram,
1423 601 1664 653 futurum
1691 602 1916 669 leyeram

220 688 303 725 res
338 676 417 724 ret
429 711 443 738 ,
481 671 800 740 imperatiuo
841 671 1000 738 Zeyere
1035 671 1227 738 leyerat
1263 672 1549 739 leyeramus
1587 672 1790 740 leyerite
1828 673 1916 724 uel

221 743 462 810 leyeratis
499 742 756 808 hyemat,-
798 741 1041 793 futurum
1079 741 1283 809 leyerito
1322 742 1515 809 leym-at
1549 746 1603 793 et
1639 742 1917 810 pluraliter

221 812 509 880 leyeramus
545 812 799 880 leyerc‘tote
843 812 932 863 uel
969 812 1210 880 leyeratis
1246 812 1476 879 leq-erant
1510 812 1599 863 uel
1635 813 1914 879 leym-unio,

157 898 198 930 10
221 882 461 934 obtatiuo
533 883 693 934 modo
763 883 972 936 utinam
1043 882 1313 949 leyererem
1375 883 1619 949 leyereres
1680 883 1918 950 leyereret

221 954 554 1021 leyereremus
596 953 881 1017 zeqereretis
922 953 1206 1020 leyererent.
1283 953 1590 1018 leyessissem
1629 953 1913 1019 leyessisses

221 1024 515 1091 leyessisset,
558 1023 929 1090 leyessissemus
964 1024 1085 1075 setis
1121 1026 1248 1075 sent.
1312 1023 1553 1074 futurum
1591 1023 1814 1090 leyeram
1850 1024 1912 1076 le-

215 1109 371 1162 yeras
415 1097 505 1147 rat
549 1093 625 1145 sie
670 1092 772 1145 rite
819 1110 915 1161 per
959 1093 1104 1145 hune
1151 1092 1393 1145 ordinem
1431 1092 1729 1145 declinatur
1767 1096 1821 1162 et
1855 1094 1914 1145 in

217 1165 433 1232 passiuo
472 1163 635 1215 habet
669 1165 910 1231 tempore
956 1163 1245 1231 praeterito
1284 1163 1497 1230 Zeyestus
1532 1179 1666 1218 sum.
1740 1164 1915 1215 minu-

156 1247 198 1280 15
220 1238 386 1286 untur
424 1237 601 1286 autem
639 1233 744 1285 alia
781 1236 842 1285 ut
876 1250 1008 1286 semo
1041 1234 1196 1299 semis
1218 1235 1369 1286 semit
1392 1238 1446 1285 et
1470 1233 1572 1286 hoe
1599 1251 1694 1301 pro
1718 1235 1916 1287 semino

220 1308 274 1356 et
318 1305 665 1372 praeteritum
714 1305 904 1373 sempsi
949 1321 1046 1372 pro
1095 1305 1358 1356 seminani
1408 1307 1462 1355 et
1505 1307 1729 1371 semptus
1776 1320 1910 1360 sum.

218 1379 346 1426 sunt
393 1378 446 1427 et
493 1375 595 1427 alia
641 1392 777 1442 quae
825 1373 1182 1426 declinatione
1231 1373 1547 1426 difficillima
1584 1377 1711 1426 sunt
1747 1377 1808 1426 ut
1843 1376 1913 1442 fiio

215 1446 282 1513 fis
325 1446 407 1513 fit,
456 1445 581 1497 lieet
628 1444 861 1497 secunda
896 1462 1125 1513 persona
1167 1444 1351 1496 multis
1388 1462 1498 1496 non
1535 1445 1760 1512 placeat.
1835 1446 1919 1497 in-

216 1515 512 1583 perfectum
565 1516 780 1583 fiebam,
835 1514 1130 1583 perfeetum
1183 1515 1291 1581 fui,
1348 1514 1630 1583 plusquam
1684 1515 1914 1582 fueram,

152 1602 195 1634 20
218 1585 459 1638 futurum
497 1587 628 1654 fiam
665 1587 757 1654 fles
780 1587 891 1654 filet,
928 1585 1277 1653 imperatiuus
1301 1587 1400 1653 fiat
1422 1586 1634 1653 flamus,
1674 1584 1915 1637 futurum

218 1657 306 1715 fito
359 1658 471 1724 fiat.
543 1656 812 1707 obtatiuus
867 1655 1055 1707 modus
1102 1673 1134 1707 a
1179 1655 1364 1707 multis
1413 1655 1708 1707 declinatur
1749 1656 1916 1722 forem

216 1743 300 1779 res
345 1730 444 1791 ret,
494 1744 524 1778 a
569 1726 846 1778 nonnullis
882 1727 1053 1794 flerem
1091 1728 1144 1778 et
1180 1726 1343 1789 habet
1379 1726 1651 1794 passiuum
1688 1726 1913 1778 uerbum

216 1798 318 1865 fior
369 1797 487 1864 siris
539 1798 667 1865 fitur
719 1800 773 1849 et
829 1799 1027 1866 cetera3
1079 1796 1247 1864 fiebar
1299 1797 1424 1863 fidus
1476 1813 1588 1849 sum
1603 1837 1617 1864 ,
1675 1796 1912 1848 futurum

331 2010 356 2048 2
387 2005 631 2050 ussitatem
660 2007 727 2059 P,
766 2005 988 2049 usitatam
1025 2005 1119 2050 VN
1140 2007 1156 2062 11
1185 2005 1437 2048 demuntur
1465 2007 1512 2050 P
1540 2007 1556 2062 11
1587 2012 1612 2050 3
1643 2007 1914 2063 legeremus

223 2075 299 2131 Vn
321 2080 347 2120 5
367 2075 503 2132 inper
528 2075 570 2119 V
588 2076 604 2130 ιι
624 2063 788 2132 persi-,K
805 2075 849 2119 V
865 2076 881 2131 ιι
903 2080 928 2119 6
958 2075 1086 2132 leges
1111 2075 1165 2128 V,
1193 2074 1353 2131 legissi
1371 2076 1458 2131 Νιι
1480 2081 1505 2120 8
1527 2076 1590 2132 pr
1620 2076 1672 2130 V,
1703 2075 1845 2132 plui}
1865 2075 1920 2121 N

214 2132 240 2231 11
261 2137 287 2176 8
303 2131 336 2175 f.
356 2131 538 2187 legerat
559 2134 607 2175 et
626 2131 735 2188 plus
744 2132 1011 2188 legeramus
1027 2131 1345 2197 legeritote-vf
1361 2132 1584 2196 legeratis
1600 2132 1819 2197 legerant
1838 2133 1916 2177 vel

236 2189 463 2245 egerunto
495 2187 538 2231 V
554 2189 570 2244 11
592 2193 618 2232 9
645 2187 881 2245 legerant]
914 2192 1123 2244 seqmtur
1145 2188 1302 2248 futuru
1320 2189 1519 2245 legento
1542 2189 1581 2244 (l
1601 2203 1656 2233 m
1675 2191 1838 2246 many.)
1868 2190 1915 2233 P

219 2272 240 2329 11
263 2277 316 2316 10
336 2272 548 2328 optativo
576 2271 672 2316 VN
686 2273 702 2328 11
722 2271 980 2328 ΙΘςθὴτθῑῑι
1015 2271 1073 2326 V,
1104 2253 1312 2329 leggssem
1327 2273 1393 2326 N,
1406 2273 1611 2329 legerem
1628 2273 1674 2315 P
1695 2274 1711 2328 11
1730 2272 1915 2328 legeres

214 2357 274 2410 P,
304 2369 379 2400 res
406 2355 502 2400 VN
515 2357 532 2412 11
551 2355 736 2411 legeret
753 2357 821 2410 P,
850 2356 924 2399 ret
949 2355 1040 2399 VN
1059 2357 1075 2411 11
1099 2361 1146 2399 11
1170 2356 1433 2413 legeremus
1455 2357 1523 2410 P,
1554 2338 1820 2413 legerefi'nus
1849 2356 1913 2410 N,

214 2425 370 2456 remus
406 2412 482 2468 711
502 2412 722 2468 legeretis
752 2414 822 2463 P,
854 2413 966 2455 retis
1002 2412 1044 2456 V
1062 2413 1078 2468 11
1099 2416 1207 2456 rent
1242 2412 1302 2467 V,
1334 2414 1431 2457 rint
1450 2412 1506 2457 N
1521 2413 1537 2468 11
1557 2412 1827 2468 legesissem
1857 2413 1912 2465 P,

218 2468 501 2524 legississem
531 2468 600 2522 N,
632 2468 850 2524 legissem
887 2467 963 2524 Vss
984 2468 1228 2525 legesisses
1247 2471 1316 2521 P,
1347 2469 1604 2525 legississes
1625 2468 1697 2522 N,
1730 2483 1803 2513 ses
1829 2469 1914 2568 Vll

217 2529 268 2567 12
308 2525 381 2568 set
415 2524 511 2569 VN
532 2526 548 2580 11
576 2524 938 2580 legessessemus
968 2526 1039 2580 P,
1080 2538 1233 2569 semus
1268 2525 1311 2569 V
1337 2527 1353 2582 11
1380 2526 1591 2582 legerum
1627 2527 1674 2570 P
1702 2526 1717 2581 11
1751 2531 1801 2570 13
1841 2538 1893 2568 ra

214 2594 371 2625 ramus
401 2580 515 2624 ratis
544 2583 651 2624 rant
686 2579 729 2623 V
746 2582 762 2636 11
789 2586 839 2624 14
867 2581 1081 2636 tempore
1109 2580 1366 2636 praeterito
1396 2594 1481 2627 om.
1516 2580 1590 2638 Vss
1615 2586 1664 2625 16
1695 2581 1833 2624 semsi
1863 2580 1920 2625 N

217 2663 239 2719 ιι
258 2664 498 2707 semenavi
534 2663 609 2720 νιι
631 2647 842 2721 sfimptus
871 2665 957 2720 Νιι
982 2669 1031 2708 17
1064 2665 1112 2708 et
1132 2677 1216 2709 om.
1239 2666 1325 2721 Νιι
1347 2664 1662 2710 &defiofflima
1689 2666 1736 2709 P
1767 2666 1783 2720 ιι
1805 2666 1913 2708 sunt

213 2731 298 2763 om.
338 2719 394 2763 N
425 2721 440 2775 11
480 2724 530 2763 19
569 2720 837 2778 plusquam]
876 2721 944 2776 pl’
984 2721 1028 2765 V
1058 2723 1074 2778 11
1108 2727 1160 2766 21
1199 2722 1437 2778 optativus
1481 2720 1585 2765 VN
1613 2721 1628 2776 11
1664 2734 1692 2764 a
1729 2721 1907 2778 multis]

215 2803 311 2866 aut·
327 2802 384 2846 N
437 2803 680 2848 declinatis
716 2804 761 2848 V
776 2806 792 2860 11
815 2808 867 2846 21
885 2805 917 2852 f.
939 2806 1114 2850 foerem
1134 2818 1210 2849 res
1228 2806 1303 2849 ret
1331 2805 1407 2861 Vn
1428 2810 1481 2848 22
1513 2780 1640 2848 auttlt
1654 2819 1697 2847 n.
1744 2804 1786 2847 V
1811 2806 1826 2860 11
1856 2810 1909 2849 23

213 2859 336 2903 fieris
432 2860 448 2914 11
470 2859 679 2902 futurum
710 2873 794 2904 om.
834 2859 935 2905 VN.
