1980 3134
362 126 461 170 XV.
507 124 588 168 DE
620 123 943 170 CATALOGO
976 124 1537 174 GRAMMATIOORUM.
1728 128 1795 181 91

101 257 284 321 repota
320 270 424 320 pro
468 253 754 306 uirtutibus
798 252 1113 318 quibusdam
1154 255 1396 321 supernis
1403 273 1422 319 ;
1467 255 1796 308 sanamicma

105 339 245 377 anus
276 340 375 391 pro
413 324 646 390 quadam
681 323 884 376 unitate
907 321 1015 376 Dei
1053 324 1164 377 alti.
1228 324 1331 377 hoc
1365 342 1573 393 semper
1597 342 1795 394 genere

103 394 250 446 uirus
287 393 602 462 loquebatur
637 392 744 444 hic.

242 463 586 543 Virgilius
632 462 964 515 Assianus
1010 463 1356 533 primogenus
1401 465 1616 533 quidam
1653 465 1797 533 apud

100 533 508 603 Cappadoclam,
544 533 629 585 uir
654 532 987 585 dulcissimus
1014 536 1142 602 erat,
1172 534 1231 585 in
1255 534 1416 587 fisicis
1442 535 1569 587 satis
1594 553 1795 604 gnarus
1840 550 1862 581 5

97 606 154 656 et
189 604 248 656 in
274 603 676 672 computatione
700 603 859 655 lunae
885 606 939 655 et
963 621 1243 656 mensuum
1268 606 1658 675 sagacissimus,
1709 606 1796 658 hic

97 674 385 727 scolasticis
399 673 509 726 suis
526 673 704 726 aiebat
722 673 786 725 de
805 673 1042 726 tonitruo
1055 674 1528 744 interrogantibus,
1549 676 1797 744 spiritum

96 744 362 813 quendam
388 761 500 797 esse
526 743 770 796 inusitati
793 744 969 811 uenti,
1009 744 1100 813 qui
1118 745 1449 813 praestitutis
1468 746 1796 814 temporibus

97 814 299 867 mundo
325 815 540 866 intonat
564 816 619 866 et
645 813 794 866 cuius
815 832 974 866 sonus
993 815 1259 881 tonitruit‚
1285 816 1434 868 cuius
1453 819 1647 868 natura
1665 817 1797 869 haec

95 887 178 937 est
224 887 284 937 ut
329 885 473 938 solus
519 884 767 936 humanis
805 902 860 937 se
897 884 1079 937 usibus
1116 885 1357 954 ingerat,
1407 887 1498 954 qui
1536 904 1646 938 non
1681 890 1795 939 tam
1818 901 1860 934 10

96 955 366 1024 spiramen
392 973 551 1023 quam
576 955 876 1023 fulgoream
914 954 1185 1007 flammam
1221 955 1410 1023 habet,
1450 974 1609 1025 quem
1644 959 1697 1008 et
1722 957 1795 1009 al—

93 1026 285 1078 tiorem
312 1025 561 1078 omnibus
585 1025 762 1078 uentis
789 1027 843 1077 et
867 1025 1216 1093 profundiora
1246 1026 1487 1079 omnium
1512 1029 1794 1095 penetrare

99 1096 389 1149 asserebat.
425 1113 582 1164 quem
599 1113 718 1148 cum
736 1096 1150 1165 interrogassem
1168 1099 1475 1149 utrumnam
1494 1096 1583 1150 hic
1602 1100 1794 1149 uentus

94 1166 312 1235 propria
349 1166 581 1219 dictione
619 1184 689 1218 an
725 1165 903 1218 aliena
932 1168 1210 1235 regeretur
1234 1184 1510 1219 assumens
1535 1167 1795 1236 pagillam

94 1236 206 1289 IIII
241 1237 479 1306 poeticos
519 1236 753 1290 confecit
788 1253 970 1289 uersus
1007 1237 1084 1288 ita
1120 1236 1368 1305 inquiens
1817 1253 1858 1286 15

685 1351 895 1388 summa
930 1335 991 1386 in
1025 1336 1245 1388 summis

677 1408 864 1472 potens
900 1405 1057 1458 caelis

685 1475 921 1541 celsaque
956 1479 1142 1528 cuncta

683 1545 944 1613 yubernat
979 1546 1138 1608 celsa3

93 1646 148 1697 id
187 1646 267 1697 est
304 1643 637 1696 Hebreorum
674 1642 847 1695 deum.
1817 1661 1860 1693 20

236 1715 263 1766 I
272 1715 483 1767 strius
543 1713 691 1766 uirus
742 1712 1016 1782 Hispanus
1077 1713 1136 1764 in
1200 1713 1573 1782 conpositione
1627 1713 1795 1766 histo-

95 1787 297 1838 riarum
344 1783 653 1853 splendidae
707 1784 836 1836 satis
884 1783 1244 1852 eloquentiae,
1293 1783 1562 1852 quandam
1611 1784 1795 1835 simili-

92 1856 336 1909 tudinem
384 1855 517 1907 mihi
561 1853 709 1907 dedit
746 1853 955 1906 dicens:
1002 1854 1176 1906 uicem
1215 1854 1341 1907 solis
1377 1855 1435 1906 in
1471 1853 1794 1907 testimoniis

94 1927 211 1995 agit
255 1925 505 1988 uerbum;
556 1943 684 1977 nam
731 1924 869 1976 sicut
906 1923 1018 1976 dies
1055 1924 1254 1993 absque
1291 1923 1402 1977 sole
1439 1942 1553 1977 non
1591 1931 1670 1977 est
1705 1942 1793 1976 ru-

95 1998 244 2060 tilus,
305 1997 382 2049 sic
427 1995 795 2048 testimonium
844 1995 959 2046 sine
1014 1995 1177 2047 uerbo
1225 2012 1338 2047 non
1380 1994 1630 2048 lucidum.
1704 1994 1792 2047 hic
1815 2009 1858 2043 25

95 2068 170 2119 ait
206 2084 234 2120 ο
271 2083 366 2120 rex
400 2067 547 2133 scitO,
588 2066 717 2133 quia
750 2066 884 2118 sieut
915 2069 1080 2119 tecum
1114 2070 1210 2120 tua
1236 2066 1434 2119 ancilla
1460 2067 1630 2119 uitam
1654 2065 1795 2118 hanc

95 2142 170 2191 est
202 2138 388 2191 sortita
424 2153 769 2201 communem,
807 2137 887 2188 ita
921 2139 969 2188 et
1011 2139 1069 2188 tu
1101 2152 1299 2189 meeum
1339 2140 1555 2189 mortem
1595 2135 1796 2188 subibis

95 2224 432 2261 communem.
502 2207 632 2259 item
678 2206 1051 2275 interrogatio:
1112 2223 1141 2259 ο
1189 2223 1381 2271 auare,
1439 2207 1570 2273 quid
1614 2206 1792 2272 celum,

97 2279 228 2346 quid
261 2281 428 2340 terra,
478 2278 608 2344 quid
641 2293 789 2330 mare
823 2292 926 2330 sua
963 2277 1104 2330 dona
1140 2276 1236 2330 tibi
1267 2275 1473 2344 ferunt,
1526 2279 1572 2329 et
1606 2279 1664 2329 tu
1700 2279 1796 2329 tua

211 2423 232 2460 1
279 2418 451 2481 nepote
498 2417 544 2459 A
578 2417 595 2472 ΙΙ
630 2415 840 2459 sanamia
915 2427 967 2458 ro
1010 2416 1057 2458 A
1091 2416 1107 2470 11
1143 2421 1169 2459 3
1214 2415 1529 2478 loquaebatur
1561 2414 1619 2459 N
1648 2415 1664 2469 ΙΙ
1700 2413 1793 2458 hae

97 2474 153 2518 N
176 2486 289 2518 corr.
321 2472 428 2516 Μαι
456 2472 472 2527 ΙΙ
501 2477 528 2515 4
567 2471 800 2526 quaedam
917 2471 934 2526 ss
962 2475 988 2515 5
1019 2470 1324 2527 capadociam
1353 2470 1410 2515 N
1432 2472 1448 2526 ΙΙ
1477 2484 1667 2527 ignarus
1695 2470 1752 2515 N
1769 2469 1791 2527 Η

99 2562 125 2601 6
142 2556 490 2614 compotatione
506 2555 562 2600 N
577 2556 593 2612 ΙΙ
615 2561 641 2600 9
660 2527 907 2600 ηῆῒιιτειθῧ·
925 2555 998 2599 est
1020 2554 1076 2599 N
1091 2555 1108 2610 ΙΙ
1133 2559 1184 2600 10
1207 2568 1255 2599 se
1271 2554 1431 2598 usibus
1445 2554 1503 2598 N
1512 2566 1626 2599 corr.
1645 2553 1752 2598 Mai
1769 2553 1792 2612 ΙΙ

99 2647 151 2685 11
182 2641 373 2684 flamma
400 2640 457 2685 N
480 2641 496 2695 11
530 2645 580 2684 15
610 2622 823 2696 poeticu's
861 2640 910 2694 (o
939 2652 998 2683 m.
1029 2639 1108 2693 al.)
1146 2639 1203 2683 N
1233 2639 1249 2695 ΙΙ
1278 2644 1329 2682 21
1368 2638 1571 2683 hestrius
1608 2637 1666 2682 N
1696 2638 1712 2694 ΙΙ
1740 2643 1796 2682 24

98 2725 219 2783 agit]
254 2726 322 2770 ait
349 2724 405 2769 N
420 2726 437 2781 ss
460 2724 608 2769 soleir'i
639 2723 695 2768 N
709 2724 726 2779 ΙΙ
747 2697 930 2768 rutiiilus
960 2722 1017 2768 N
1031 2724 1047 2780 ΙΙ
1069 2728 1123 2768 25
1154 2723 1252 2767 sine
1286 2723 1325 2780 ·1-
1356 2723 1555 2767 verbum
1584 2722 1642 2767 N
1656 2725 1672 2781 ΙΙ
1694 2727 1748 2768 25
1764 2702 1816 2768 f.'

98 2809 200 2853 luce
232 2809 345 2853 dum
372 2809 449 2852 hic
480 2808 548 2858 ait
574 2808 631 2853 N
646 2809 662 2864 ΙΙ
683 2812 738 2852 26
769 2807 966 2862 ancillae
992 2807 1049 2853 N
1064 2808 1080 2864 ΙΙ
1101 2812 1155 2852 27
1186 2820 1432 2852 comunem
1452 2807 1508 2852 N
1523 2808 1539 2863 ΙΙ
1560 2789 1796 2858 ωθοηωεᾳ

97 2865 187 2921 Nn
207 2870 261 2910 29
291 2867 485 2922 tua·tuo
515 2863 581 2909 N.
