1980 3134
693 57 751 103 V.
795 57 875 102 DE
905 57 1264 103 PARTICIPIO.
1725 61 1821 113 161

628 211 696 264 V.
757 211 856 264 DE
893 207 1324 266 P'ARTICIPIO.

272 323 485 376 Dicturi
523 324 586 375 de
623 324 905 392 participio
917 363 932 390 ‚
972 324 1036 376 de
1075 342 1178 392 quo
1218 329 1271 376 et
1308 342 1338 376 a
1374 325 1526 377 nobis
1566 330 1619 378 et
1655 343 1686 378 a
1715 327 1822 407 ple·-

130 395 310 462 risque
349 394 659 447 doctoribus
698 412 872 447 sermo
910 395 1160 462 frequens
1198 394 1371 447 factus
1409 399 1512 460 est,
1550 395 1682 448 illud
1719 397 1823 448 mei

131 466 394 516 Aeneae
449 465 508 516 in
563 464 837 544 prohemio
891 465 1066 533 operis
1121 465 1623 518 conmemorandum
1672 470 1821 535 puto,

131 534 388 586 obtimum
436 535 634 586 etenim
683 537 764 586 est
801 537 854 586 et
889 534 1045 586 ualde
1082 537 1435 603 peroptimum
1474 554 1685 588 omnem
1722 537 1824 589 dis-

132 605 368 672 cipulum
416 605 474 656 in
511 604 617 656 fine
656 604 897 657 omnium
935 605 1254 674 scriptorum
1292 610 1446 674 atque
1484 606 1638 658 initio
1676 625 1824 675 prae·
1866 620 1888 652 5

135 676 365 743 ceptoris
411 674 494 726 sui
539 675 876 727 indeffessam
924 675 1099 727 facere
1137 675 1487 744 mentionem,
1537 694 1691 757 quem
1728 677 1824 729 hu-

132 762 321 797 manae
369 744 682 813 disciplinae
728 745 945 797 tertium
990 746 1090 797 sibi
1128 748 1331 813 patrem
1371 749 1581 798 uocant.
1643 747 1824 816 itaque

133 817 391 867 Aeneas
437 832 584 867 meus
633 815 849 883 triplam
897 816 1300 895 participiorum
1339 817 1534 868 adserit
1572 834 1684 869 esse
1720 818 1824 869 uir-

131 888 327 954 tutem,
367 885 507 953 quod
543 885 601 937 in
638 885 776 938 libro
816 886 878 937 de
917 887 1151 937 omnium
1185 886 1378 938 artium
1403 886 1603 939 uirtute
1628 888 1825 956 scripto

43 997 46 1000 Δ
133 960 292 1024 atque
328 955 615 1008 ordinatim
650 955 870 1024 degesto
906 956 1002 1007 tali
1039 955 1203 1008 edidit
1226 955 1411 1008 modo:
1445 958 1625 1023 prima
1650 957 1827 1026 inquit
1849 973 1890 1005 10

132 1027 307 1079 uirtus
334 1026 774 1094 participiorum,
813 1027 953 1093 quod
986 1043 1174 1079 nomeu
1209 1030 1256 1078 et
1277 1027 1496 1079 uerbum
1521 1028 1655 1080 duas
1669 1029 1827 1095 prirc-

134 1097 215 1164 cip
218 1097 325 1150 ales
361 1097 619 1149 orationis
634 1100 819 1164 partes
843 1097 1047 1152 obtinet.
1102 1097 1358 1160 secunda,
1398 1098 1536 1163 quod
1556 1099 1690 1150 sieut
1712 1115 1827 1150 uer-

134 1167 258 1219 bum
291 1166 457 1233 fuerit
491 1168 748 1231 uotiuum,
791 1167 964 1220 eodem
1000 1168 1148 1220 modo
1185 1171 1233 1219 et
1266 1167 1440 1233 ipsum
1477 1168 1598 1234 ayit.
1656 1169 1826 1235 tertia,

133 1237 273 1301 quod
305 1238 353 1289 si
388 1237 450 1289 in
484 1238 590 1305 fine
625 1238 1036 1290 testimoniorum
1062 1238 1297 1304 positum
1326 1236 1514 1302 fuerit,
1545 1254 1646 1304 pro
1671 1239 1827 1290 uerbo

134 1308 456 1374 accipiatur;
503 1308 642 1374 quod
675 1311 852 1360 tamen
887 1324 994 1360 nori
1029 1308 1143 1375 iuyi
1179 1308 1544 1360 consuetudine
1577 1309 1668 1360 sed
1700 1325 1827 1361 raro
1851 1325 1891 1357 15

135 1379 342 1431 accidit.
404 1376 535 1429 haec
575 1378 851 1430 Aeneas

278 1447 561 1500 Sciendum
588 1447 833 1516 inprimis
860 1449 942 1499 est
965 1449 1138 1499 totum
1163 1446 1504 1515 participium
1530 1465 1624 1515 per
1647 1464 1829 1500 omnes

136 1536 229 1570 sex
279 1535 459 1570 cassus
503 1517 738 1585 duplices
776 1534 934 1587 agere
972 1517 1139 1569 solere
1183 1516 1276 1569 illo
1327 1516 1601 1569 dumtaxat
1646 1518 1826 1585 uerbn,

137 1589 286 1641 cuius
313 1589 384 1640 sit
410 1588 833 1657 significationis,
862 1590 1069 1657 agente.
1117 1587 1482 1639 nominatiuus
1510 1605 1687 1639 cassus
1713 1605 1830 1656 par-

135 1658 308 1726 ticipii
346 1658 500 1710 modo
538 1662 591 1710 et
627 1659 894 1710 ablatiuus
921 1675 1044 1726 sepe
1070 1675 1165 1726 pro
1191 1675 1247 1709 se
1273 1657 1500 1709 inuicem
1536 1662 1827 1726 ponuntur.
1853 1674 1894 1706 20

137 1729 274 1797 quod
312 1731 493 1780 utrum
529 1730 599 1781 sit
623 1732 827 1781 rectum
854 1746 923 1780 an
949 1745 1125 1796 secuS,
1164 1745 1348 1779 eorum
1374 1728 1462 1796 qui
1489 1728 1564 1779 ita
1591 1728 1832 1780 scribunt

138 1799 362 1851 arbitrio
412 1799 790 1868 relinquamus
851 1817 975 1851 nam
1023 1816 1120 1866 pro
1172 1798 1500 1850 nominatiuo
1540 1797 1831 1850 ablatiuum

137 1869 510 1938 participalem
557 1870 787 1938 positum
835 1887 957 1937 sepe
1002 1886 1302 1920 1nuen1mus
1313 1909 1328 1936 ,
1375 1868 1665 1920 secundum
1702 1868 1832 1920 illud

139 1939 412 2010 Glengi:
449 1940 588 1992 hoste
619 1958 716 2008 per
740 1944 929 2008 portas
963 1943 1233 2007 rumpente
1267 1940 1405 1991 ciues
1427 1939 1828 1992 uaeillauerunt.

139 2010 203 2062 de
240 2009 344 2062 hoc
379 2012 558 2062 tamen
598 2011 866 2063 sententia
889 2009 976 2062 uel
1000 2010 1227 2061 maxime
1257 2009 1495 2061 uariatur
1519 2009 1831 2076 quibusdam
1855 2027 1895 2059 25

140 2081 488 2149 opinantibus
535 2082 820 2150 septimum
866 2098 929 2132 ex
974 2082 1197 2148 utroque
1244 2079 1462 2131 nomine
1501 2095 1704 2131 cassum
1743 2079 1830 2131 ad-

253 2253 292 2293 8.
329 2248 447 2292 Eoee.
478 2248 618 2292 Beru
651 2250 763 2297 200,
803 2250 831 2292 3
862 2251 903 2291 et
932 2246 1065 2292 Leid
1096 2246 1132 2300 f.
1162 2247 1264 2291 791³.
1317 2245 1500 2289 Aeneas
1551 2245 1728 2300 (aenias
1767 2245 1831 2300 L)

141 2318 272 2349 meus
316 2305 510 2360 triplam
550 2303 806 2360 (participii
845 2304 907 2358 L>
945 2304 1121 2346 adserit
1166 2315 1265 2346 esse
1310 2301 1547 2358 participii
1583 2302 1830 2355 virtutem;

140 2362 316 2417 prima,
348 2360 476 2416 quod.
505 2360 703 2403 verbum
734 2360 782 2402 et
810 2372 981 2403 nomen
1013 2359 1125 2401 duas
1144 2358 1425 2414 principales
1444 2359 1611 2421 partes
1625 2336 1830 2412 obtinet3⁷

142 2416 348 2460 secunda
379 2415 506 2479 quod
534 2415 571 2459 si
603 2428 630 2458 a
656 2416 799 2458 verbo
823 2415 975 2458 activo
995 2414 1159 2466 fuerit,
1190 2414 1355 2457 eodem
1377 2414 1515 2457 modo
1537 2413 1658 2470 agit;
1690 2413 1835 2457 tertia

142 2473 300 2527 (tertio
333 2472 394 2525 L)
407 2472 466 2571 Lsi
494 2472 542 2514 in
572 2471 662 2514 fine
691 2471 950 2514 testimonii
980 2495 1034 2502 -
1065 2447 1320 2525 accipiatur
1351 2469 1531 2523 (eodem
1561 2469 1700 2513 1110ᾱο
1730 2469 1833 2526 agit

142 2541 227 2584 pro
259 2543 300 2571 v.
334 2542 374 2571 a.
453 2529 484 2581 ).

258 2681 486 2726 INCIPIT
518 2680 785 2724 EIUSDEM
806 2679 1037 2733 QUINTA
1057 2679 1135 2723 DE
1157 2677 1501 2723 PARTICIPIO
1523 2678 1580 2722 N
1594 2680 1609 2735 ΙΙ
1631 2685 1657 2724 3
1688 2679 1832 2723 come-

145 2738 468 2852 ζὲέῗᾷῗέ
498 2739 514 2794 Η
554 2742 602 2780 12
654 2737 887 2780 orationes
932 2736 988 2780 N
1016 2737 1031 2792 11
1071 2742 1121 2780 16
1170 2735 1324 2779 Aneas
1373 2734 1466 2790 ΝΙΙ
1502 2740 1550 2779 19
1601 2736 1696 2779 sint
1738 2735 1831 2791 ΝΗ

231 2872 358 2913 Virgil
382 2873 438 2905 ed.
463 2872 644 2905 Huemer.
1449 2866 1492 2904 11
