1980 3134
725 99 803 147 111.
849 99 930 143 DE
959 99 1178 145 UERBo.
1692 103 1789 156 137

102 226 206 278 rito
244 226 428 290 uiciei;
467 229 521 278 et
558 227 632 279 sic
659 228 820 280 dieico
848 230 901 279 et
926 228 1122 292 dixixi,
1164 227 1328 295 leyeyo
1355 230 1408 280 et
1434 229 1616 295 leyeyi:
1655 230 1791 296 quod

103 296 263 348 etiam
301 296 359 348 in
393 296 596 364 primae
623 297 1015 366 coniugationis
1043 298 1458 350 commentatiuo
1485 298 1611 350 licet
1635 299 1790 351 modo

101 366 279 418 uerbis
301 369 568 419 conantur
592 370 829 419 astruere
855 370 914 419 ut
936 385 1032 435 pro
1060 368 1267 421 clamito
1293 376 1345 420 et
1367 370 1534 421 uocito
1560 368 1792 421 habeant

101 437 356 490 clamamo
383 438 436 488 et
458 453 672 500 uocaco,
712 440 766 489 et
792 438 867 490 sic
894 438 1186 490 secundum
1211 439 1555 506 praeteritum
1582 443 1791 507 tempus

100 507 425 560 clamamaui
462 510 516 559 et
550 510 820 561 uocacaui.
878 508 1017 576 quod
1057 508 1181 576 quia
1219 508 1367 560 nulla
1405 510 1629 563 ueritate
1673 510 1790 561 sub·
1833 526 1854 559 5

99 577 284 629 nixum
332 580 490 644 atque
538 577 811 630 suffultum
859 582 970 646 est,
1022 596 1131 630 non
1181 578 1249 630 ad
1288 580 1662 632 auctoritatem
1701 580 1791 632 sed

101 647 168 699 ad
206 647 610 715 ambiguitatem
649 648 986 701 scribendum
1023 652 1119 700 est.

242 715 427 770 Solent
474 720 656 770 tamen
702 719 874 771 nostri
919 736 1056 787 pene
1108 736 1290 771 omnes
1338 719 1395 771 in
1432 719 1540 771 suis
1579 719 1790 788 scriptis

100 790 153 839 et
199 805 358 856 saepe
403 788 568 839 uerba
616 806 918 855 conserere,
971 806 1105 856 quae
1153 789 1346 840 uitioso
1384 793 1644 842 consuetu
1681 794 1790 841 tam

98 875 130 909 a
178 857 447 910 ueteribus
494 876 651 926 quam
699 859 862 911 etiam
909 877 940 911 a
986 859 1290 911 recentibus
1328 860 1673 927 scriptoribus
1711 860 1790 912 in·
1815 876 1856 907 10

99 931 240 980 serta
278 930 429 992 sunt,
468 929 663 982 multas
689 933 749 981 ut
777 947 896 981 reor
922 928 989 980 ob
1016 947 1226 981 causas:
1267 929 1378 980 siue
1404 930 1544 981 enim
1572 932 1793 998 propter

97 998 271 1066 ipsam
318 998 544 1067 glifiam,
598 1002 658 1051 ut
703 999 906 1053 scilicet
950 999 1172 1052 lectores
1218 999 1522 1068 inpediant3
1581 1001 1691 1052 siue
1736 1003 1794 1052 ut

100 1068 422 1122 ueniabilius
462 1087 548 1121 eos
588 1087 862 1123 excussem
887 1073 1107 1138 propter
1132 1069 1463 1122 difficultatis
1488 1088 1792 1138 pansuram,

98 1139 183 1191 uel
234 1142 375 1191 certe
422 1142 483 1191 ut
529 1139 630 1192 hac
677 1140 992 1193 difficultate
1031 1139 1362 1192 audientium
1401 1158 1462 1192 ac
1500 1140 1794 1208 legentium

101 1209 311 1262 animos
348 1209 592 1262 incitent.
656 1213 710 1263 et
746 1211 849 1263 hoc
887 1211 1043 1262 modo
1075 1228 1195 1263 cum
1222 1229 1253 1261 a
1278 1210 1597 1262 doctissimis
1623 1212 1792 1263 nostri
1818 1224 1858 1258 15

97 1280 351 1348 temporis
399 1281 671 1350 magistris
718 1281 849 1334 haec
895 1283 1148 1348 usurpata
1195 1283 1345 1346 sunt,
1394 1298 1503 1332 non
1555 1281 1726 1333 solum
1763 1300 1794 1332 a

97 1350 469 1419 praesentibus
508 1351 858 1419 scriptoribus
897 1350 1046 1403 uelut
1082 1350 1146 1402 ad
1186 1351 1541 1403 indubitatam
1568 1351 1794 1404 auctori-

97 1424 289 1489 tatem,
338 1438 523 1473 uerum
571 1423 732 1474 etiam
780 1441 811 1474 a
854 1421 1083 1490 posteris
1122 1421 1493 1489 suscipientur.
1567 1422 1704 1474 sicut
1735 1422 1788 1472 in

97 1490 237 1543 libro
285 1490 606 1560 Falangis
655 1492 926 1545 cuiusdam
965 1491 1402 1544 Lacedaemonici
1448 1491 1552 1542 uiri
1598 1492 1792 1544 lectum

100 1565 180 1614 est
231 1563 513 1627 scripsero;
568 1563 707 1630 quod
762 1562 827 1615 ad
875 1563 1078 1630 primae
1128 1562 1523 1630 coniugationis
1570 1562 1790 1619 uerbum
1814 1575 1856 1608 20

97 1632 364 1700 pertinere
412 1650 442 1683 a
489 1632 765 1685 nonnullis
811 1636 1059 1701 putatum
1107 1636 1212 1696 est,
1262 1633 1387 1700 quia
1424 1632 1628 1684 scilicet
1665 1635 1793 1684 tem—

98 1702 240 1771 poris
296 1702 462 1755 futuri
517 1703 954 1755 coniunctionem
1009 1703 1152 1754 modi
1205 1702 1482 1754 indicatiui
1537 1703 1792 1770 temporis

97 1773 394 1841 praesentis
442 1773 560 1826 loco
617 1774 846 1842 scriptor
902 1773 1141 1841 inposuit
1197 1772 1403 1824 dicens:
1462 1773 1587 1825 haec
1632 1773 1791 1837 nobi-5,

99 1844 281 1908 amici,
341 1845 498 1911 quasi
542 1845 733 1911 populi
787 1845 888 1897 mei
941 1844 1094 1911 filiis,
1151 1843 1422 1910 diliyenter
1474 1843 1693 1896 emando
1748 1846 1795 1895 et

96 1915 366 1980 scripsero,
441 1932 614 1981 neque
666 1915 808 1966 enim
861 1913 1179 1966 credendum
1229 1916 1308 1965 est
1357 1913 1572 1965 doctum
1618 1913 1792 1964 uirum
1815 1922 1857 1955 25

100 1984 295 2053 (aiunt)
345 2003 466 2037 cum
514 1984 870 2052 copulatiuam
921 1984 1356 2037 coniunctionem
1402 1982 1791 2051 interposuerit,

98 2072 210 2107 non
256 2054 358 2108 duo
406 2055 709 2124 praesentia
755 2056 918 2107 uerba
954 2053 1306 2107 conaffixisse.
1370 2054 1509 2105 unde
1549 2055 1603 2104 et
1638 2053 1793 2104 multi

97 2128 403 2177 nostrorum
440 2126 668 2178 maxime
708 2125 985 2178 Gallorum
1035 2125 1133 2177 hoc
1170 2126 1390 2176 uerbum
1428 2124 1630 2191 primae
1669 2140 1793 2174 con-

97 2195 388 2264 iugationis
428 2214 539 2248 esse
577 2196 892 2264 opinantur,
933 2198 994 2248 ut
1032 2195 1214 2247 dicant
1249 2211 1371 2262 sepe
1396 2194 1715 2260 scripseram
1741 2195 1794 2244 et

97 2267 419 2333 scripserabo
467 2284 527 2319 ac
574 2267 890 2333 scripseram
928 2270 982 2317 et
1019 2268 1208 2319 cetera.
1271 2265 1346 2316 sic
1385 2264 1545 2315 etiam
1582 2263 1639 2314 in
1677 2262 1791 2330 qui·
1814 2272 1857 2306 ³0

100 2335 322 2388 busdam
344 2336 680 2389 Gallorum
706 2338 1014 2389 nostrorum
1040 2335 1252 2402 scriptis
1278 2334 1576 2385 inuenimus
1605 2349 1789 2399 camm,

101 2423 219 2457 eum
258 2424 356 2458 nos
394 2423 525 2459 cano
563 2406 793 2459 scribere
832 2423 1162 2458 consuemus
1227 2404 1455 2471 denique
1485 2402 1791 2454 Bientius

101 2475 314 2543 quidam
381 2476 721 2544 epistolarem
787 2493 1035 2528 exercens
1099 2492 1318 2526 manum
1372 2473 1570 2525 talibus
1626 2472 1794 2524 utitur

216 2678 236 2716 1
268 2672 436 2731 vincici
465 2672 522 2715 N
551 2673 566 2728 ΙΙ
610 2677 658 2716 13
689 2672 797 2715 veni
835 2671 894 2714 ab
931 2670 1056 2713 illius
1085 2670 1142 2713 N
1171 2671 1187 2725 ΙΙ
1226 2674 1276 2713 15
1306 2669 1487 2713 animus
1516 2668 1573 2732 N
1601 2669 1617 2723 ΙΙ
1656 2667 1795 2712 17111-

100 2729 313 2773 dubitam
343 2729 398 2773 N
415 2729 430 2784 ΙΙ
456 2734 505 2772 18
536 2728 752 2783 posteriis
782 2727 837 2771 N
863 2740 976 2774 corr,
997 2726 1105 2769 Mai
1126 2727 1140 2781 ΙΙ
1166 2731 1216 2770 19
1248 2724 1573 2769 lacedominic1
1601 2724 1657 2767 N
1679 2736 1793 2768 corr.

99 2785 204 2830 Mai
232 2787 247 2841 ss
277 2791 329 2829 27
363 2784 643 2829 conafecisse
674 2784 739 2838 N,
772 2782 1066 2827 conaffixisse
1096 2795 1209 2826 corr.
1235 2781 1402 2826 Hartel
1424 2782 1439 2838 ΙΙ
1461 2779 1716 2824 multorum
1743 2779 1799 2823 N
1848 2825 1853 2830 ,

100 2854 213 2886 corr.
244 2841 350 2886 Mai
371 2843 386 2897 ΙΙ
409 2846 460 2885 32
493 2841 648 2893 hanno
679 2841 742 2888 N.
