1980 3134
167 132 268 185 150
541 129 794 175 VIRGILII
823 129 1096 175 MARONIS
1126 128 1471 175 EPISTOLAE.

163 259 326 311 habes
375 275 496 311 ecce
543 258 602 309 in
648 257 835 325 primis
885 256 1195 324 qualitatem
1243 256 1392 309 uerbi
1440 274 1536 326 per
1581 257 1766 310 modos
1805 262 1858 311 et

162 330 365 382 formas
390 328 442 380 X
479 328 681 397 species
718 327 1027 379 habentem.
1086 326 1230 379 modi
1257 326 1517 395 siquidem
1542 345 1634 380 sex
1658 327 1857 381 haben-

162 405 252 452 tur
299 403 354 451 et
399 399 601 451 formae
647 400 911 466 quattuor.
972 396 1136 449 habes
1171 400 1381 450 ternam
1420 398 1851 468 coniugationem

164 470 488 538 quinamque
501 467 968 538 significationem.
994 467 1082 520 hic
1098 470 1220 520 octo
1235 468 1435 536 species
1450 468 1854 521 concluduntur.

120 557 141 589 5
162 557 259 608 per
296 540 560 607 duplicem
598 541 779 591 autem
815 538 1044 607 figuram
1082 540 1136 590 et
1174 538 1383 590 dualem
1420 556 1700 591 numerum
1725 539 1858 592 haec

161 612 433 679 (summa)
471 609 818 678 suprascripti
858 611 1214 661 consumatur.

301 678 501 732 Uerum
539 697 703 748 quare
739 682 949 748 tempus
987 679 1130 748 quod
1163 682 1376 731 ternum
1413 682 1494 731 est
1539 682 1592 731 et
1627 697 1858 747 persona

161 767 298 818 quae
324 767 489 818 aeque
513 753 670 803 terna
697 767 810 802 esse
835 749 1303 816 animaduertitur,
1343 767 1407 801 ex
1432 749 1534 802 hoc
1561 749 1858 818 excipiatur

159 838 410 888 numerO,
459 820 599 874 forte
642 820 960 889 requiratur.
1023 819 1295 872 sciendum
1331 820 1552 888 proinde
1591 824 1672 872 est
1709 820 1853 872 istoi-

97 910 137 940 10
161 908 345 943 corum
390 891 534 944 hunc
582 909 695 944 esse
742 908 971 953 morem,
1021 892 1080 942 ut
1117 908 1236 943 cum
1271 895 1461 959 typum
1499 890 1732 958 aliquem
1770 890 1857 943 uel

158 979 441 1014 numerum
478 962 823 1030 praetendere
862 960 1174 1027 uoluerunt,
1214 978 1326 1013 non
1362 963 1474 1012 tam
1510 963 1679 1013 totam
1720 978 1858 1012 sum-

158 1049 277 1084 mae
331 1032 749 1100 plenitudinem,
814 1049 973 1100 quam
1028 1031 1171 1100 quod
1236 1030 1303 1082 ad
1353 1033 1539 1099 typum
1590 1031 1858 1099 pertineat

158 1103 491 1172 propositum
535 1106 905 1155 annumerent.
978 1119 1204 1170 quorum
1251 1119 1391 1153 unus
1442 1101 1533 1169 qui
1572 1105 1753 1168 erant,
1802 1107 1860 1154 ut

157 1172 438 1240 rebantur,
476 1173 796 1241 praecipuus
836 1172 1150 1225 Chromas
1189 1171 1408 1225 nomine
1445 1172 1512 1224 ad
1548 1189 1648 1223 nos
1688 1189 1857 1240 usque

94 1261 136 1294 15
160 1246 484 1313 peruentans
511 1247 763 1312 quattuor
787 1245 1001 1294 tantum
1032 1242 1245 1295 uocales
1281 1241 1463 1295 literas
1498 1243 1855 1295 numerandas

160 1331 272 1365 esse
311 1314 578 1366 censebat.
643 1313 791 1366 cuius
828 1313 905 1365 rei
942 1313 1207 1365 rationem
1244 1330 1362 1365 cum
1400 1313 1467 1365 ab
1506 1330 1567 1364 eo
1595 1312 1858 1365 Aeneas

156 1401 306 1435 meus
343 1385 699 1452 perquireret,
737 1382 1029 1452 tranquillo
1065 1383 1296 1435 reddidit
1337 1382 1611 1435 effamine:
1666 1385 1858 1437 seimus

157 1454 335 1522 inquit
370 1458 418 1508 et
452 1470 547 1508 nos
583 1455 791 1521 quidem
827 1456 1058 1521 quinque
1094 1470 1198 1507 esse
1224 1454 1424 1506 litteras
1438 1493 1453 1521 ,
1493 1470 1629 1520 qaae
1653 1454 1857 1507 uocales

157 1525 429 1592 dieantur,
466 1529 765 1579 nostrorum
802 1529 976 1578 tamen
1010 1528 1240 1578 aeteram
1266 1527 1554 1592 parentam
1584 1540 1695 1577 mos
1721 1526 1857 1577 anti-
1910 1538 1913 1540 ·

93 1615 136 1647 20
158 1596 343 1659 quaris
379 1600 515 1664 erat,
554 1599 613 1648 at
646 1596 852 1648 millam
888 1611 1165 1648 numeram
1201 1595 1393 1660 absque
1428 1597 1547 1662 typo
1589 1610 1857 1648 mensura-

155 1669 288 1718 rent.
337 1666 475 1718 aride
511 1667 642 1732 qaia
679 1667 1037 1733 quinquenam
1072 1666 1438 1732 supputatione
1473 1665 1639 1718 stoica
1675 1682 1856 1718 name-

155 1752 274 1787 ram
298 1736 476 1788 nullas
500 1737 795 1790 cardinalis
814 1737 1149 1803 praecesserit
1176 1739 1328 1803 typus
1338 1777 1352 1803 ,
1379 1739 1626 1802 quattuor
1651 1738 1858 1789 tantam

156 1806 362 1859 uocales
396 1807 595 1860 litteras
628 1808 898 1861 subtracta
926 1805 1007 1860 -U
1005 1835 1017 1846 ·
1036 1806 1409 1874 principaliter
1436 1810 1854 1860 sammaaerimt.

155 1875 244 1927 uel
290 1879 430 1928 certe
476 1877 544 1928 ob
591 1877 695 1929 hoc
743 1877 958 1945 quidam
995 1895 1032 1930 a
1069 1876 1278 1929 literam
1314 1876 1457 1928 inter
1494 1876 1707 1928 uocales
1743 1892 1853 1928 non

93 1965 135 1998 25
157 1949 525 2014 receptarunt,
568 1947 691 2014 quia
727 1965 840 1999 non
877 1951 989 1998 tam
1027 1946 1265 1999 uocalem
1303 1950 1512 1999 ueteres
1551 1964 1711 2014 quam
1749 1963 1856 1998 am-

158 2015 373 2085 biguam
412 2016 670 2084 appellari
709 2017 898 2069 debere
935 2017 1246 2085 credebant,
1286 2017 1410 2085 quia
1449 2017 1729 2084 aliquoties
1756 2034 1854 2084 pro

156 2086 357 2150 uocali,
397 2086 679 2155 aliquoties
717 2105 814 2155 pro
853 2091 1000 2140 muta
1037 2087 1309 2154 accipitur.
1373 2086 1461 2139 sed
1498 2087 1602 2138 hoc
1640 2086 1854 2139 silentio

155 2157 660 2223 praetermittamus,

296 2226 398 2279 Illa
435 2231 614 2279 autem
647 2228 785 2280 ratio
796 2268 810 2295 ,
851 2229 919 2279 ob
955 2245 1112 2296 quam
1138 2229 1388 2295 quattuor
1421 2226 1631 2279 uocales
1670 2226 1853 2278 literas

92 2316 135 2348 30
157 2297 307 2365 quasi
354 2298 799 2366 praeiudicatoria
845 2297 1164 2350 auctoritate
1217 2297 1665 2360 annumerabant,
1722 2297 1854 2348 haec

158 2369 263 2434 est,
315 2368 457 2435 quod
506 2368 607 2420 iste
645 2368 920 2420 intuebilis
958 2368 1185 2420 mundus
1223 2371 1478 2436 quattuor
1516 2370 1725 2420 constat
1763 2367 1853 2419 eli-

272 2623 293 2660 1
327 2619 472 2663 habet
501 2619 559 2664 N
577 2620 596 2676 ΙΙ
624 2625 651 2663 4
682 2620 1022 2664 concludantur
1052 2620 1108 2664 N
1130 2622 1146 2676 ΙΙ
1173 2623 1199 2663 5
1225 2624 1332 2675 post
1361 2619 1477 2663 haec
1510 2619 1713 2675 spatium
1743 2620 1857 2662 3—4

159 2673 247 2717 litt.
269 2673 324 2717 N
340 2676 355 2730 ΙΙ
378 2681 402 2719 6
434 2690 615 2720 summa
643 2677 755 2721 add.
777 2677 885 2720 Mai
905 2677 920 2733 ΙΙ
943 2678 1292 2720 consummatur
1322 2674 1428 2720 Mai
1449 2676 1464 2731 ΙΙ
1488 2680 1513 2719 8
1544 2678 1593 2719 et
1612 2675 1699 2718 hoc
1721 2673 1777 2717 N
1792 2675 1807 2729 l}
1830 2679 1854 2717 9

156 2728 462 2774 histoicorum
491 2732 548 2776 N
571 2734 586 2789 ΙΙ
620 2738 670 2777 10
700 2734 917 2789 tympum
947 2732 1004 2776 N
1026 2734 1041 2788 ss
1078 2738 1124 2776 12
1157 2733 1283 2788 quod
1315 2746 1456 2788 quam
1485 2731 1542 2775 N
1565 2732 1580 2786 ΙΙ
1607 2736 1654 2774 15
1684 2729 1855 2773 litteris

157 2811 245 2868 Nn
269 2818 320 2858 16
351 2796 577 2859 οθῗέοὒαή
604 2816 692 2872 Nn
717 2822 768 2860 17
791 2830 928 2875 *meos
958 2817 1044 2873 ΝΙΙ
1069 2821 1119 2860 19
1151 2829 1282 2859 mons
1308 2816 1394 2872 Nn
1416 2821 1470 2860 20
1499 2817 1673 2871 typpus
1693 2814 1778 2868 NH
1802 2818 1854 2857 23

154 2869 418 2914 subtractat
448 2870 498 2914 N
519 2872 610 2927 1128
639 2873 999 2928 praemittamus
1028 2873 1085 2917 N
1108 2885 1221 2917 corr.
1251 2872 1370 2919 Mai.
