1980 3134
186 147 253 199 86
571 144 827 189 VIRGILII
856 143 1129 189 MARONIS
1161 144 1490 190 EPITOMAE.

183 271 408 339 dicitur,
449 289 510 325 eo
549 272 689 341 quod
729 271 937 324 occulta
974 271 1250 340 peruideat
1276 289 1337 323 ac
1363 271 1661 340 perlustret.
1723 275 1875 327 auris

183 361 246 395 eo
296 343 433 411 quod
484 342 699 394 auditus
747 343 1002 394 sermonis
1042 360 1105 394 ex
1142 341 1366 394 internis
1405 341 1630 397 hauriat.
1698 347 1876 411 pectus

183 430 247 465 ex
295 431 356 465 eo
405 413 546 481 quod
597 414 835 480 espectat
872 412 938 464 ad
975 412 1147 464 cordis
1185 415 1413 476 secreta,
1461 412 1652 465 dicitur
1689 431 1720 465 a
1757 431 1875 481 pec-

181 483 371 546 tando,
399 483 454 535 id
482 485 562 535 est
588 482 959 548 discernendo,
986 482 1127 534 unde
1152 486 1371 551 peccata
1396 482 1664 535 dicuntur.
1712 485 1876 536 ubera

138 567 159 600 5
183 553 397 605 nonnisi
423 553 704 605 mulierum
733 553 1006 617 dicuntur,
1045 570 1179 620 quae
1206 553 1272 604 ab
1298 554 1538 605 ubertate
1563 554 1716 606 lactis
1741 572 1876 606 nun-

181 626 468 691 cupantur:
507 624 552 675 si
582 624 699 691 quis
725 624 783 675 in
803 623 933 675 uiris
954 623 1184 675 uoluerit
1203 623 1497 692 nominare,
1525 623 1703 676 uirilia
1722 626 1877 676 erunt

180 711 312 762 quae
361 693 645 746 humorum
681 693 1036 747 inundacione
1077 693 1380 745 exuberant.
1441 698 1621 747 uenter
1657 712 1689 746 a
1724 694 1876 746 uenti

181 763 470 831 spiramine
520 765 596 816 sic
644 763 862 832 dicitur;
914 764 1038 832 quia
1086 766 1139 816 et
1184 767 1379 815 uentus
1427 764 1496 815 ob
1541 764 1641 816 hoc
1678 782 1876 816 nomen

181 834 405 901 accipit,
435 834 576 903 quod
601 851 696 902 per
722 852 905 886 omnes
931 852 1120 899 uenaS‚
1150 834 1382 886 latebras
1408 838 1687 902 arctasque
1713 835 1876 886 totius

118 918 158 950 10
182 908 453 956 creaturae
490 905 784 972 perueniat.
846 905 1030 973 linqua
1068 922 1099 956 a
1123 904 1416 972 linguendo
1442 904 1653 958 dicitur.
1707 905 1877 973 philo-

180 973 336 1043 sophi
382 975 633 1027 uirtutem
679 977 733 1027 et
771 993 983 1028 cursum
1021 991 1214 1028 manus
1250 977 1304 1026 et
1333 975 1489 1041 pedes
1525 978 1874 1039 uocauerunt,

181 1062 402 1112 quorum
448 1046 728 1097 nominum
775 1048 1087 1114 monoptota
1122 1045 1407 1096 declinatio
1445 1047 1529 1096 est
1564 1063 1660 1112 per
1696 1045 1878 1097 omnia

179 1132 405 1183 genera:
444 1133 475 1167 a
512 1133 641 1168 man
667 1133 820 1184 erg0‚
861 1116 963 1168 hoc
989 1118 1071 1167 est
1095 1115 1321 1182 uirtute,
1361 1131 1552 1168 manus
1578 1115 1878 1183 appellatae

181 1188 336 1252 sunt,
375 1187 429 1238 et
465 1204 497 1237 a
524 1203 624 1252 per
659 1185 846 1254 pedes,
887 1186 1026 1254 quod
1062 1188 1143 1237 est
1168 1203 1199 1237 a
1226 1202 1397 1238 cursu.
1453 1202 1614 1251 equus
1640 1186 1707 1237 ab
1735 1185 1878 1254 equi-

117 1267 160 1300 15
181 1257 294 1308 tate
332 1273 512 1308 cursus
551 1256 759 1308 dicitur.
821 1257 912 1308 uir
949 1275 980 1307 a
1016 1257 1215 1308 uirtute
1252 1256 1584 1308 nominatur:
1622 1257 1810 1309 mulier
1846 1274 1878 1308 a

179 1325 499 1378 mulitudine
552 1344 733 1379 sexus:
781 1343 918 1379 uxor
955 1344 1088 1394 quae
1127 1345 1159 1377 a
1196 1326 1312 1378 uiro
1349 1325 1525 1378 fuerat
1560 1330 1783 1378 uxorata
1820 1327 1879 1379 in
1955 1326 1959 1327 ⁷

182 1396 340 1448 coitu,
400 1397 491 1448 sed
529 1398 691 1450 coitus
726 1397 1051 1466 generaliter
1077 1396 1270 1449 dicitur
1295 1396 1466 1447 omnis
1492 1398 1739 1449 coeuntia
1764 1397 1879 1449 siue

181 1466 392 1519 itineris
431 1467 543 1519 siue
584 1466 896 1519 concordiae
935 1467 1048 1519 siue
1096 1466 1462 1519 conubiorum.
1537 1483 1624 1519 cor
1659 1470 1880 1519 uocatur

181 1555 212 1588 a
252 1538 594 1606 corruptione
632 1555 897 1589 sensuum.

115 1621 157 1653 20
323 1607 448 1660 Luoe
485 1607 680 1660 dicitur
713 1625 921 1676 semper
947 1608 1212 1673 caelestiS‚
1251 1607 1353 1659 hoc
1379 1608 1461 1658 est
1486 1607 1591 1659 diei
1618 1607 1875 1675 solisque:

181 1683 235 1729 at
273 1678 447 1731 lumen
483 1678 759 1730 materiale
798 1682 902 1742 est,
940 1678 995 1730 id
1022 1680 1103 1730 est
1127 1677 1268 1747 ignis
1297 1679 1390 1729 aut
1417 1678 1678 1729 lucernae.
1733 1694 1878 1745 aqua

180 1749 509 1816 generaliter
560 1748 754 1801 dicitur
800 1749 973 1801 omnis
1020 1749 1214 1817 liquor.
1266 1748 1432 1815 panis
1481 1747 1673 1800 dicitur
1719 1765 1875 1800 omne

181 1818 318 1885 quod
365 1819 553 1887 pascit.
626 1821 788 1873 uinus
835 1819 946 1871 siue
991 1818 1054 1870 de
1094 1819 1276 1886 uinea,
1328 1818 1441 1869 siue
1478 1817 1620 1885 quod
1657 1817 1880 1886 impleat

182 1905 365 1941 uenas,
430 1890 576 1943 labia
626 1907 690 1941 ex
738 1890 919 1942 labore
965 1889 1219 1957 loquendi
1256 1888 1532 1955 dicuntur,
1583 1887 1699 1940 siue
1738 1889 1878 1956 quod

116 1969 159 2003 25
181 1975 276 2026 per
312 1959 478 2011 uerba
514 1959 768 2017 labuntur
804 1958 868 2011 de
913 1960 1083 2027 lapsu.
1147 1959 1347 2026 lapides
1394 1958 1646 2010 dicuntur
1682 1958 1745 2010 de
1785 1977 1879 2011 sua

180 2029 558 2096 lampaditate‚
609 2029 735 2097 quia
781 2047 846 2081 ex
895 2030 969 2081 eis
1007 2030 1279 2098 lampades
1317 2029 1460 2096 ignis
1498 2028 1877 2082 accenduntur.

181 2099 383 2166 lapides
418 2099 640 2168 pretiosi
677 2117 743 2152 ex
779 2099 941 2152 insito
981 2099 1083 2152 sibi
1121 2099 1428 2168 splendore,
1467 2099 1616 2151 uelut
1655 2117 1719 2151 ex
1753 2118 1878 2168 qua-

182 2168 303 2221 dam
340 2169 648 2238 lampadum
686 2170 1035 2222 similitudine
1077 2169 1343 2222 nominati
1382 2173 1521 2221 sunt.
1575 2186 1713 2223 saxa
1750 2187 1877 2222 uero

181 2239 420 2292 inmania
458 2242 512 2292 et
547 2240 828 2293 inmobilia
865 2241 1016 2293 uelut
1053 2241 1310 2309 quaedam
1348 2242 1582 2291 staturae
1609 2239 1876 2292 dicuntur.

118 2313 332 2377 3010etra
379 2310 444 2362 de
491 2310 687 2363 duritia
733 2311 940 2363 dicitur.
1004 2311 1113 2364 dies
1148 2310 1454 2362 nominatur
1493 2327 1524 2360 a
1560 2310 1878 2378 quibusdam

184 2379 309 2448 quia
340 2380 438 2433 diis
461 2381 721 2434 iocundus
747 2386 851 2450 est3
892 2398 990 2433 nos
1017 2381 1239 2434 dicimus
1266 2381 1396 2445 dies,
1437 2380 1561 2448 quia
1587 2398 1617 2431 a
1642 2381 1877 2432 tenebris

298 2554 320 2591 1
352 2549 529 2593 oculita
557 2549 614 2594 N
629 2550 646 2605 ΙΙ
667 2554 692 2593 2
725 2549 879 2593 auriat
906 2549 963 2593 N
987 2550 1002 2604 ΙΙ
1031 2554 1057 2593 5
1086 2549 1336 2593 hubertate
1367 2548 1422 2592 N
1445 2549 1460 2604 ΙΙ
1482 2552 1507 2590 6
1538 2548 1641 2604 quis
1671 2560 1754 2592 om.
1784 2549 1840 2592 N
1853 2548 1874 2604 ΙΙ

182 2618 415 2662 nominari
442 2619 499 2663 N
514 2620 529 2675 ΙΙ
551 2625 577 2664 8
608 2616 770 2664 ventus
788 2619 845 2663 N
859 2620 876 2674 ΙΙ
901 2624 951 2663 10
982 2620 1198 2663 creatura
1227 2619 1283 2663 N
1298 2620 1314 2675 ΙΙ
1337 2624 1386 2662 11
1419 2621 1513 2675 ped
1543 2619 1590 2673 (d
1620 2619 1753 2673 corr.)
1784 2618 1874 2675 ΝΗ

186 2720 238 2758 12
270 2675 428 2759 debliga
451 2716 507 2760 N
523 2718 538 2773 u
561 2717 718 2761 omnia
747 2731 804 2762 ex
833 2730 1019 2761 omnem
1040 2718 1096 2761 N
1111 2719 1126 2774 ΙΙ
1151 2722 1203 2762 13
1224 2718 1280 2816 αὖ
1304 2731 1359 2762 ex
1382 2718 1477 2773 i(?)
1497 2717 1553 2761 N
1569 2717 1585 2772 ΙΙ
1608 2721 1661 2759 14
1682 2720 1876 2780 mequos

183 2771 240 2814 N
265 2772 280 2826 ss
305 2776 356 2814 16
385 2773 686 2830 mulitudine]
726 2774 836 2828 fort.
865 2773 988 2817 idem
1018 2774 1139 2829 quod
1168 2787 1243 2818 mo
1282 2773 1461 2818 itudine
1483 2774 1500 2830 ΙΙ
1527 2773 1700 2829 fuerat]
1734 2772 1878 2816 fuerit

183 2826 291 2870 Mai
311 2828 327 2882 ΙΙ
352 2831 402 2871 18
425 2829 727 2872 conobiorum
745 2830 802 2874 N
817 2831 833 2885 ΙΙ
855 2835 909 2873 23
929 2829 1061 2873 vinus
1079 2831 1151 2886 (a-
1164 2844 1222 2873 m.
1243 2830 1323 2882 al.)
1345 2830 1400 2873 N
1415 2830 1431 2883 ΙΙ
1453 2835 1507 2874 26
1528 2828 1783 2884 lampades]
1806 2829 1874 2872 la-

184 2882 319 2938 pides
333 2882 390 2926 Ν
399 2896 511 2929 corr.
525 2885 631 2928 Mai
652 2886 667 2940 ΙΙ
690 2891 745 2929 27
763 2887 855 2940 θΧᾹ
876 2885 995 2929 etN
1009 2886 1024 2941 11
1048 2890 1100 2928 28
1117 2885 1386 2941 lampadam
1400 2885 1457 2930 N
1471 2887 1487 2941 ss
1510 2890 1560 2929 31
1574 2884 1618 2940 a]
1634 2885 1742 2929 add.
1754 2885 1874 2929 Mai.
