1980 3134
152 144 220 196 92
540 140 794 185 VIRGILII
824 139 1095 184 MARONIS
1126 139 1455 184 EPITOMAE.

153 270 291 322 bona
335 285 442 322 non
483 267 591 334 fers
626 268 912 335 proximo?
965 269 1113 320 itemz
1167 269 1229 320 in
1273 268 1417 321 mari
1450 269 1647 334 piscem
1683 268 1842 322 obuia

152 355 385 406 quaeque
448 342 722 392 uorantem
791 355 884 391 neo
952 339 1154 392 saciari
1215 341 1499 405 potentem,
1566 339 1640 391 sic
1703 354 1848 392 mens

151 411 380 462 hominis
444 410 606 462 auari
661 412 762 461 toto
815 410 977 462 nescit
1031 408 1233 462 saeculo
1287 409 1501 461 saciari.
1585 408 1845 461 hactenus

152 479 414 531 Istrius.

111 565 131 597 5
296 548 431 601 Erat
486 551 615 616 aput
668 550 978 618 Aegyptum
1025 547 1387 618 Gregorius
1435 549 1607 618 grecis
1658 547 1847 600 studiis

155 619 311 671 ualde
369 618 603 687 deditmz,
651 619 741 686 qui
791 619 897 671 tria
951 619 1099 671 milia
1143 619 1400 671 librorum
1449 619 1512 670 de
1561 619 1850 671 Grecorum

153 687 395 741 historiis
447 689 780 742 conscribsit.
854 693 970 742 erat
1019 691 1150 758 aput
1191 688 1562 742 Nicomediam
1607 689 1850 757 Balap-

156 759 342 812 sidus
388 777 559 827 nuper
603 759 716 812 uita
760 760 975 812 functus
989 801 1004 827 ,
1062 759 1151 828 qui
1205 762 1420 812 nostrae
1474 759 1611 828 legis
1668 759 1848 825 libros,

156 847 289 898 quos
327 846 426 899 ego
464 832 521 881 in
559 847 719 898 greco
757 831 912 882 audio
948 847 1215 894 sermone,
1254 848 1338 882 me
1363 830 1581 882 iubente
1606 830 1769 881 uertit
1793 829 1850 880 in

94 917 134 949 10
157 900 413 967 latinum,
465 917 690 967 quorum
739 904 821 952 est
868 900 1218 968 principium:
1274 902 1335 953 in
1374 901 1642 969 principio
1689 900 1852 953 celum

155 979 451 1037 terramque
487 988 634 1023 mare
671 972 950 1038 omniaque
987 975 1136 1024 astra
1171 971 1389 1038 spiritus
1424 971 1567 1023 intus
1598 971 1755 1036 fouet.

297 1040 471 1093 Erant
525 1043 802 1108 praeterea
850 1046 957 1093 tres
1004 1041 1280 1109 Lucani,
1334 1057 1472 1093 unus
1521 1041 1580 1092 in
1632 1040 1851 1109 Arabia,

157 1111 292 1164 alius
329 1111 388 1163 in
423 1110 629 1175 Endia‚
668 1112 858 1163 tertius
896 1113 954 1163 in
987 1112 1196 1163 Africa:
1236 1128 1368 1179 quos
1404 1110 1666 1163 Aeneas
1705 1127 1853 1162 meus

155 1183 530 1250 praeceptores
571 1180 787 1249 habuit,
836 1199 1057 1251 quorum
1103 1181 1266 1233 libros
1302 1181 1596 1233 meditante
1643 1181 1854 1233 notaria

93 1266 134 1300 15
157 1254 270 1304 arte
307 1252 364 1303 in
401 1251 632 1303 lucidam
658 1252 1070 1320 discripcionem
1093 1251 1386 1304 transtulit.
1434 1251 1491 1302 in
1519 1251 1710 1319 quibus
1735 1269 1853 1319 rep-

154 1323 296 1390 perit
344 1322 486 1389 quod
534 1323 618 1373 uir
666 1323 880 1390 quidam
926 1322 1105 1374 Maro
1151 1321 1314 1374 fuerit
1360 1339 1524 1390 prope
1571 1321 1850 1388 diluuium,

156 1393 306 1444 cuius
353 1391 670 1460 sapientiam
714 1392 866 1445 nulla
900 1410 1118 1446 narrare
1156 1392 1332 1445 secula
1368 1392 1645 1459 potebunt.
1706 1392 1849 1443 unde

155 1464 417 1514 Aeneas
445 1479 563 1513 cum
588 1480 673 1513 me
699 1463 922 1515 uidisset
956 1463 1294 1532 ingeniosum
1331 1461 1434 1513 hoc
1471 1480 1556 1514 me
1593 1461 1853 1514 uocabulo

156 1532 315 1584 iussit
349 1532 617 1584 nominari
655 1532 863 1585 dicens:
901 1534 985 1586 hic
1019 1534 1164 1601 filius
1198 1549 1342 1585 meus
1366 1532 1533 1586 Maro
1558 1533 1850 1596 uocabitur,

12 1671 17 1675 .
92 1617 135 1651 20
157 1604 288 1670 quia
307 1604 368 1654 in
391 1619 446 1655 eo
473 1603 684 1669 antiqui
707 1603 964 1658 Maronis
986 1605 1206 1671 spiritus
1228 1604 1497 1656 redimiuit.
1551 1604 1666 1654 erat
1691 1602 1848 1654 etiam

157 1690 287 1725 auus
325 1690 472 1725 meus
499 1671 834 1737 MartuliS,
873 1675 956 1725 uir
992 1674 1121 1726 satis
1159 1691 1357 1742 gnarus
1397 1675 1450 1725 et
1486 1673 1656 1725 clarus
1681 1672 1853 1724 uultu,

156 1742 245 1795 hic
281 1743 339 1794 in
377 1745 489 1795 arte
526 1744 876 1812 grammatica
923 1744 1377 1813 diligentissimus.
1413 1775 1483 1782 -—
1515 1743 1651 1795 haec
1683 1742 1849 1806 uobiS‚

157 1830 188 1865 0
226 1812 432 1865 sodales
470 1815 628 1881 atque
666 1814 953 1881 discenteS‚
993 1814 1172 1882 legum
1206 1816 1550 1883 paternarum
1579 1812 1731 1865 libris
1758 1830 1855 1881 pro

160 1885 474 1935 cunctorum
512 1884 808 1952 legentium
846 1885 1078 1938 utilitate
1116 1887 1275 1952 atque
1313 1883 1482 1936 salute
1520 1885 1740 1951 excepta
1773 1884 1854 1935 in-

93 1966 135 2000 25
159 1953 397 2006 sinuasse
435 1953 683 2007 sufficiat.

274 2139 295 2178 1
327 2117 444 2179 f⁶res
466 2142 508 2190 <e
530 2149 588 2180 m.
609 2137 689 2192 az.)
717 2136 852 2193 N113
883 2137 1048 2180 atenus
1078 2136 1165 2192 Nu
1187 2141 1214 2179 4
1241 2119 1492 2190 heocetrius
1520 2135 1608 2191 Νη
1630 2139 1656 2179 5
1679 2148 1854 2192 aegup-

157 2191 259 2234 tum
287 2191 345 2236 N
367 2192 384 2247 ΙΙ
413 2196 523 2236 5-7
553 2191 808 2247 Gregorius
838 2193 933 2236 tria
960 2192 1092 2235 milia
1120 2192 1348 2236 librorum
1379 2192 1652 2248 conscripsit
1680 2205 1737 2235 m.
1766 2206 1854 2238 rec.

156 2247 210 2291 in
237 2260 324 2305 my.
354 2247 411 2291 N
426 2249 442 2304 ΙΙ
464 2252 489 2291 6
520 2249 721 2293 dedutus
751 2248 808 2293 N
830 2249 846 2304 ΙΙ
875 2253 901 2293 8
932 2261 1080 2304 noper
1108 2249 1165 2293 N
1187 2249 1204 2305 11
1233 2249 1388 2306 vitasls
1415 2248 1471 2292 N
1493 2250 1509 2304 ΙΙ
1532 2253 1556 2291 9
1588 2247 1728 2291 adion
1757 2249 1814 2293 N
1829 2250 1851 2306 ΙΙ

157 2303 280 2347 verti
308 2303 366 2348 N
380 2305 396 2360 ΙΙ
420 2309 471 2347 12
501 2305 669 2348 Ulcani
697 2305 755 2349 N
770 2306 786 2361 ΙΙ
810 2309 860 2348 13
890 2305 939 2348 111
968 2304 1114 2349 africa
1145 2317 1261 2360 quos
1284 2318 1308 2348 e
1329 2306 1383 2349 i‘n
1401 2317 1492 2349 ras.
1514 2304 1572 2348 N
1586 2305 1602 2360 ΙΙ
1626 2308 1679 2346 14
1708 2304 1854 2348 medi-

156 2359 309 2412 tante]
340 2360 447 2414 fort.
477 2361 716 2405 mediante
738 2363 754 2417 ΙΙ
777 2361 989 2405 onotaria
1019 2363 1060 2414 (r
1090 2375 1146 2406 ex
1174 2362 1196 2404 t
1225 2364 1357 2415 corr.)
1387 2361 1443 2404 N
1466 2361 1482 2416 ΙΙ
1514 2366 1565 2404 16
1595 2372 1726 2403 111010
1755 2361 1811 2403 N
1830 2361 1852 2417 Η

158 2415 218 2458 de
261 2416 352 2460 isto
397 2417 585 2473 virgilio
629 2431 772 2473 quare
815 2430 947 2461 maro
991 2417 1259 2461 nominetur
1296 2418 1537 2473 quaeritur
1579 2416 1654 2459 hic
1684 2417 1738 2460 in
1765 2430 1853 2473 my.

158 2471 214 2514 N
217 2473 234 2500 2
255 2472 272 2527 ΙΙ
296 2477 348 2516 19
378 2474 626 2518 vocabitur
657 2473 689 2522 (i
709 2487 765 2519 ex
787 2476 832 2525 e)
862 2473 919 2517 N
935 2475 950 2531 ΙΙ
973 2479 1024 2517 21
1058 2487 1139 2518 aus
1158 2474 1214 2518 N
1229 2475 1246 2530 ΙΙ
1266 2475 1460 2530 ignarus
1488 2473 1544 2516 N
1561 2473 1576 2528 ΙΙ
1598 2478 1651 2517 23
1673 2473 1856 2517 sodales

162 2529 205 2582 (o
227 2540 284 2592 θος
304 2530 349 2592 a)
369 2528 426 2572 N
442 2529 458 2584 ΙΙ
475 2530 779 2629 ἓαωωοταᾳι
798 2530 855 2574 N
867 2531 887 2594 J!
910 2535 965 2574 24
980 2531 1010 2578 f,
1034 2531 1249 2587 excepita
1270 2531 1475 2574 sinuasse
1496 2530 1553 2572 N
1568 2541 1681 2573 corr.
1703 2529 1811 2573 Mai
1828 2528 1853 2585 Η

160 2583 354 2639 exphcit
379 2585 473 2628 MA
520 2585 660 2630 ONIS
691 2586 895 2643 Vlrgihi.
957 2586 1180 2631 Oriuntur
1211 2586 1448 2644 ephitome
1477 2585 1541 2630 N.
