1980 3134
166 41 267 93 162
545 39 798 84 VIRGILII
825 39 1103 85 MARONIS
1132 39 1479 89 EPISTOLAE.

163 167 328 235 sumi,
375 167 688 235 quibusdam
735 184 863 219 uero
913 167 1202 220 secundum
1241 167 1579 237 Galbungi
1615 168 1857 222 traditio·

160 255 283 289 nem
340 238 701 289 asserentibus
758 240 1007 289 octauum
1060 237 1239 306 potius
1294 240 1566 307 utriusque
1620 240 1858 293 nominis

160 309 305 360 hunc
343 325 549 360 cassum
590 307 777 359 sentiri
803 310 1064 375 oportere.
1115 307 1255 376 quod
1282 311 1336 360 et
1359 309 1617 361 Aeneas
1646 310 1855 378 probat,

161 377 302 430 unde
341 380 394 430 et
431 378 669 430 scribens
707 377 840 429 mihi
886 377 1153 458 quoddam
1191 396 1390 431 nomen
1428 379 1504 431 ita
1540 379 1857 433 declinauit·

116 465 137 498 5
153 464 377 516 proson,
415 448 685 516 proserii-5,
725 449 973 515 prosoni,
1001 464 1296 514 prasonem.
1361 451 1414 501 et
1451 466 1569 501 cum
1607 449 1675 500 ad
1713 450 1855 502 abla-

159 519 332 570 tiuum
368 519 631 584 uenisset,
671 518 898 570 eundem
936 535 1143 570 cassum
1179 519 1477 599 triplicauit
1513 520 1830 573 caraxandO.

304 587 468 641 Cuius
515 589 592 639 rei
641 605 828 656 ergum
866 589 1158 656 inquirenti
1194 589 1354 656 mihi,
1403 589 1478 642 ita
1516 590 1744 642 exsoluit
1780 591 1856 643 di-·

160 676 312 711 cens:
362 663 534 712 sextus
570 675 723 711 casas
733 699 748 726 ,
798 660 890 725 qui
926 663 1000 712 est
1035 659 1301 712 ablatiuus
1337 663 1386 712 et
1418 662 1665 728 septimas
1702 665 1859 728 atque

160 734 374 782 octatius
422 730 716 782 litterarum
749 728 928 794 forma
963 730 1158 783 similes
1192 734 1339 795 sant,
1389 732 1497 783 nisi
1534 732 1755 784 dictione
1793 744 1857 784 ae

94 821 133 852 10
155 800 436 853 sententiae
472 800 725 866 qualitate
762 800 1190 867 discrepaue‘riiit.
1244 802 1334 853 sed
1367 801 1415 852 si
1441 819 1476 853 a
1501 801 1723 854 dictione
1748 802 1855 854 dis-

157 873 469 938 cernantur,
508 870 740 923 ablatiao
778 886 904 923 casu
942 870 1027 923 ‘ab
1062 870 1156 923 hoe
1171 887 1398 938 prosone
1423 871 1545 924 bene
1570 871 1857 939 clamatum

156 944 262 996 est'
328 911 543 1008 septimo
599 957 726 994 casii
782 941 892 993 ‘hoe
934 957 1161 1008 pro-sone
1214 941 1517 994 clamatorie
1558 940 1854 1007 fruuntur&

155 1011 294 1064 ande
337 1011 657 1078 reprobandi
700 1015 824 1063 sunt
868 1012 959 1078 qai
1003 1012 1183 1064 dieunt
1229 1011 1503 1076 ‘fruantur
1548 1011 1614 1064 ab
1651 1028 1707 1064 eo
1743 1008 1883 1065 siae'
1946 1011 1948 1013 ’

155 1098 272 1135 eam
306 1083 419 1134 siue
455 1082 583 1134 eius’
587 1123 602 1149 ,
639 1081 944 1134 huiusmodi
980 1083 1119 1134 enim
1156 1081 1373 1134 uerbum
1406 1084 1593 1150 fruor,
1642 1083 1775 1135 sicat
1809 1086 1859 1136 et

92 1172 132 1203 15
153 1152 414 1205 nonnulla
437 1152 664 1218 similia,
703 1152 840 1205 nulli
866 1152 940 1205 ati
965 1153 1113 1205 casui
1138 1153 1247 1204 nisi
1271 1152 1369 1205 soli
1392 1153 1605 1219 septimo
1631 1154 1857 1220 adiunyi

155 1223 310 1276 debet.
368 1227 551 1276 octauo
591 1226 767 1276 autem
803 1238 931 1275 casa
968 1222 1080 1274 <hoe
1096 1238 1321 1286 prosone
1346 1223 1702 1276 declamante&
1756 1240 1856 1291 pro

155 1310 259 1362 quo
309 1310 488 1356 cassu,
537 1295 598 1344 ut
644 1292 898 1359 diximnzz,
947 1293 1309 1345 nominatiuus
1356 1293 1414 1345 in
1459 1293 1691 1345 lectione
1729 1310 1854 1361 sepe

152 1363 396 1431 ponitur,
452 1363 518 1414 ob
565 1362 707 1415 hanc
754 1365 885 1431 puto
936 1363 1336 1431 necessitatem,
1394 1363 1520 1431 quia
1566 1364 1623 1416 in
1670 1363 1854 1416 eadem

155 1433 389 1487 dictione
415 1433 552 1486 alius
576 1433 941 1486 nominatiuus
968 1451 1146 1486 cassus
1171 1435 1333 1486 uerbo
1359 1433 1673 1502 principali,
1714 1433 1854 1502 quod

90 1523 131 1556 20
154 1505 384 1572 primum
439 1503 678 1573 loqu1tur
687 1545 702 1572 ‚
767 1504 1120 1572 personaliter
1180 1503 1520 1572 adiungatur.
1602 1504 1741 1556 sicut
1795 1505 1854 1556 in

153 1593 310 1627 uersu
348 1574 685 1643 Bregandi
710 1574 1037 1643 Lugenici
1075 1574 1329 1644 legimus:
1368 1575 1509 1628 solus
1536 1573 1663 1628 Cato
1689 1575 1853 1643 miZeS,

144 1646 374 1714 populas
398 1646 660 1708 turbatim,
700 1646 760 1697 iii
785 1646 893 1698 acie
924 1646 1076 1698 stetit.
1136 1646 1284 1714 quasi
1310 1645 1412 1697 hoc
1439 1645 1686 1697 dixisset.
1713 1645 1855 1698 solus

150 1717 340 1784 populo
388 1716 596 1769 turbato
641 1717 792 1771 stetit.
867 1716 1010 1784 quod
1066 1715 1222 1768 multi
1273 1715 1486 1795 penitus
1535 1716 1850 1784 ignorantes

153 1787 378 1839 uerbum
423 1803 674 1854 possuere
721 1790 817 1854 est,
867 1786 1001 1854 quod
1055 1787 1274 1838 omnino
1318 1787 1434 1838 sine
1472 1786 1850 1838 coniunctione

91 1874 132 1908 25
155 1857 353 1910 causali
398 1857 516 1908 fieri
560 1874 672 1909 non
707 1859 901 1925 potest.
964 1875 1092 1909 nam
1131 1857 1175 1909 si
1213 1856 1563 1925 hyperbatico
1601 1873 1749 1908 more
1785 1857 1843 1907 in

150 1927 325 1979 media
361 1927 593 1979 dictione
620 1927 886 1979 conmixto
914 1927 1076 1980 alium
1104 1926 1346 1980 ordinem
1371 1928 1665 1995 posuisset,
1708 1926 1850 1979 sicut

150 2015 262 2050 non
298 2015 419 2049 raro
457 1997 707 2066 legimUS‚
745 1997 846 2049 hoc
883 1997 1040 2049 modo
1079 1997 1325 2067 egregius
1352 1998 1535 2050 doctor
1561 1995 1846 2048 edidisset:

149 2069 288 2121 soliis
325 2068 494 2136 mile3‚
533 2069 775 2121 turbatus
810 2068 951 2120 enim
977 2069 1210 2135 popalus
1245 2072 1343 2134 est,
1379 2068 1439 2120 iii
1476 2068 1586 2120 acie
1617 2068 1770 2119 stetit.

293 2137 395 2190 Sed
442 2156 589 2190 nunc
635 2138 701 2190 ad
748 2138 1016 2206 participii
1062 2137 1470 2206 expositionem,
1519 2136 1659 2189 unde
1706 2153 1845 2205 pene

87 2225 129 2257 30
153 2226 422 2261 excessum
470 2211 574 2276 est,
622 2212 884 2277 oportune
929 2211 1270 2261 reuertamur.
1334 2207 1673 2276 participium
1721 2224 1843 2274 pars

153 2279 449 2331 communis
498 2282 578 2331 est
625 2278 885 2331 orationis
897 2319 912 2347 ‚
961 2279 1105 2347 quod
1151 2278 1437 2348 generibus
1487 2282 1540 2330 et
1579 2277 1843 2347 significa-

151 2349 390 2402 tionibus
429 2349 710 2402 suffonitur
748 2367 810 2402 ac
848 2349 1158 2402 suffulcitur.
1224 2349 1314 2401 sed
1346 2348 1687 2417 participium
1712 2351 1848 2400 tem-

151 2421 297 2487 poris
345 2421 642 2487 praesentis
691 2439 755 2473 ex
800 2420 1015 2472 nomine
1061 2420 1233 2471 omnis
1282 2419 1495 2489 generis
1544 2436 1656 2471 esse
1707 2417 1847 2469 diffi-

265 2621 289 2658 2
310 2616 511 2659 nominis
529 2617 568 2658 N
588 2616 687 2672 (sie)
707 2616 764 2660 N
778 2617 794 2672 ΙΙ
815 2621 842 2659 4
863 2615 1088 2671 quodtam
1104 2615 1160 2659 N
1175 2616 1190 2670 ΙΙ
1213 2619 1238 2658 6
1265 2614 1527 2659 caraxanda
1542 2614 1598 2658 N
1612 2625 1725 2658 corr.
1741 2612 1849 2656 Mai

154 2671 177 2727 Η
198 2676 250 2715 10
282 2671 446 2715 adocte
478 2671 535 2715 N
558 2684 672 2719 corr
699 2672 808 2716 Mai
835 2673 851 2728 ΙΙ
886 2677 935 2716 19
965 2672 1100 2716 verbi
1127 2672 1184 2715 N
1208 2683 1322 2717 corr.
1352 2671 1460 2714 Mai
1488 2671 1504 2726 ΙΙ
1533 2675 1586 2713 22
1618 2668 1722 2712 solii
1750 2668 1807 2711 N
1820 2668 1842 2725 Η

151 2731 206 2771 25
246 2728 544 2783 aeperbatico
573 2728 630 2773 N
645 2729 660 2784 ΙΙ
682 2733 736 2772 26
766 2728 908 2773 aliam
938 2728 994 2772 N
1011 2729 1025 2784 Ι]
1049 2734 1101 2773 33
1124 2731 1228 2783 post
1264 2726 1494 2771 diffinitur
1529 2730 1675 2770 cetera
1708 2725 1845 2768 verba

151 2783 373 2827 excidisse
401 2784 633 2829 videntur.
