1980 3134
189 64 253 117 18
571 62 828 108 VIRGILII
855 62 1133 108 MARONIS
1163 63 1487 111 EPITOMAE.

185 193 417 259 angusta
462 193 622 258 atque
671 190 899 243 obscura
939 192 1042 257 est3
1092 191 1328 244 rhetoria
1366 194 1544 245 autem
1581 194 1663 246 sui
1700 212 1876 248 amoe-

184 261 356 313 nitate
420 261 660 329 gaudens
725 260 1066 313 latitudinem
1130 279 1192 314 ac
1245 261 1700 330 pulchritudinem
1754 283 1876 318 cum

184 330 414 400 quadam
451 333 741 385 metrorum
779 331 976 399 pedum
1014 334 1328 385 accentuum
1364 335 1616 385 tonorum
1642 335 1876 403 syllaba-

187 419 306 454 rum
346 419 411 453 ue
448 401 733 471 magnifica
769 403 1135 454 numeratione
1171 402 1463 471 praepalat.

139 489 160 521 5
366 472 429 524 ed
477 471 631 524 multi
677 472 732 524 in
775 471 878 524 hoc
915 474 1156 540 tempore
1207 473 1318 524 uim
1357 473 1876 544 deffendentiamque

181 541 433 594 harumce
489 543 682 594 artium
736 542 1048 611 ignorantes
1104 543 1163 594 in
1207 542 1445 595 rhetoria
1493 561 1681 612 poema
1728 549 1781 598 et
1817 546 1879 614 in

179 630 370 681 poema
407 611 699 664 rhetoriam
737 612 1054 682 agglomunt
1090 629 1202 665 non
1237 613 1496 666 habentes
1521 615 1577 666 in
1603 615 1875 680 memoria,

180 682 306 751 quid
360 681 554 734 Felix
594 683 1021 735 Alexandrorum
1072 683 1329 752 magister
1369 687 1702 752 praeceperit
1739 703 1875 739 uua-

179 769 413 821 quaeque
468 752 715 822 inquiens
773 769 866 806 ars
924 755 1072 806 iutra
1127 770 1254 807 suas
1319 756 1645 809 contineatur
1693 760 1872 821 metae,

116 845 157 877 10
179 841 243 876 ne
299 823 616 877 adulteretur
670 824 953 891 disciplina
1006 825 1269 877 maiorum
1335 829 1382 877 et
1440 841 1536 878 uos
1599 830 1730 894 aput
1792 843 1876 880 eos

179 909 455 947 accussare
511 898 741 962 coyatur.
825 894 1099 962 sepissime
1159 912 1343 947 uersus
1397 896 1502 947 mei
1566 896 1712 948 soliti
1767 914 1874 949 me-

179 964 398 1016 minisse
441 964 732 1032 conpellor‚
771 982 929 1033 quem
966 963 1276 1033 frequenter
1312 966 1371 1016 in
1408 966 1872 1034 exprobrationem

177 1034 345 1087 nostri
392 1035 647 1103 temporis
692 1052 997 1105 gurgonum
1052 1036 1277 1088 decanto
1332 1036 1587 1090 muletaui
1640 1040 1874 1091 toruores
1930 1079 1949 1093 .

178 1105 303 1173 loyii
338 1122 429 1157 uec
466 1123 688 1159 arenam
724 1106 864 1162 cessi.
1814 1143 1819 1145 -

113 1197 155 1229 15
319 1175 392 1227 Et
425 1193 611 1228 reuera
647 1176 767 1245 quis
803 1177 1042 1228 internas
1080 1175 1373 1244 sapientiae
1410 1194 1572 1228 uenas
1610 1176 1832 1230 intrabit

177 1245 296 1314 quis
348 1263 562 1299 omnem
616 1247 1097 1315 pernoctationem,
1156 1263 1369 1299 omnem
1420 1246 1870 1312 sollicitationem,

177 1333 392 1368 omnem
422 1316 577 1379 diem,
605 1334 816 1369 omnem
840 1320 1054 1368 noctem
1075 1333 1204 1387 erga
1223 1317 1540 1385 sapientiam
1565 1318 1870 1388 transiget‘?

175 1386 330 1438 multi
379 1387 578 1439 etenim
630 1387 904 1456 sapificare
950 1386 1266 1455 incipientes
1313 1405 1345 1438 a
1380 1405 1545 1456 puero
1583 1388 1764 1440 festim
1800 1388 1869 1441 ad

176 1457 338 1509 seculi
384 1458 604 1528 negotia
639 1458 840 1510 relictis
877 1457 1133 1526 legitimis
1170 1457 1357 1510 studiis
1394 1458 1583 1526 preciti
1619 1458 1870 1511 feruntur

108 1551 151 1583 20
174 1527 301 1596 ictu,
339 1528 479 1580 unde
517 1531 571 1580 et
606 1528 777 1581 nostri
814 1528 1065 1580 definiere
1099 1527 1344 1581 doctores
1369 1528 1641 1581 neminem
1667 1547 1866 1593 eorum,

175 1598 268 1666 qui
306 1597 502 1650 saeculi
527 1598 800 1667 uoluptate
827 1601 880 1652 et
906 1597 1198 1667 cupiditate
1222 1598 1481 1667 pecuniae
1506 1598 1867 1663 uinculantur,

173 1668 240 1720 ad
287 1667 470 1720 ueram
517 1669 812 1738 sapientiae
858 1669 1135 1722 scientiam
1181 1669 1494 1737 perfendere
1529 1687 1701 1738 posse.
1776 1670 1868 1723 sed

173 1742 234 1791 ut
271 1739 338 1792 ad
375 1739 591 1808 incepta
626 1740 856 1808 redeam,
894 1739 1095 1808 leporia
1121 1743 1202 1792 est
1227 1757 1312 1792 ars
1339 1739 1596 1808 quaedam
1622 1740 1867 1809 locuplex

174 1811 333 1879 atque
372 1810 754 1863 amoenitatem
791 1810 1296 1878 mordacitatemque
1334 1810 1392 1862 in
1428 1827 1524 1862 sua
1547 1809 1692 1870 facia
1713 1829 1864 1879 prae-

107 1903 149 1934 25
174 1880 366 1951 serene,
401 1880 808 1933 mendacitatem
845 1883 1027 1932 tamen
1062 1881 1121 1932 in
1159 1898 1254 1932 sua
1291 1881 1604 1932 internitate
1639 1898 1753 1934 non
1778 1881 1866 1934 de-

171 1951 334 2019 uitat3
361 1968 471 2004 non
495 1952 639 2003 enim
662 1950 915 2003 formidat
939 1951 1203 2004 maiorum
1227 1954 1395 2003 metas
1421 1950 1687 2019 excedere,
1714 1952 1865 2004 nulla

169 2022 586 2090 reprehensione
633 2020 993 2075 confunditur.
1069 2021 1133 2074 de
1183 2038 1287 2089 qua
1320 2038 1491 2090 pauca
1526 2038 1638 2074 non
1672 2022 1863 2092 pugito

286 2195 306 2232 1
340 2191 538 2246 angusto
568 2189 615 2232 P
634 2190 651 2245 ss
672 2189 877 2233 rentoria
905 2189 951 2232 P
971 2189 987 2244 11
1010 2189 1266 2232 amonitate
1299 2188 1356 2232 N
1407 2193 1432 2232 2
1462 2188 1780 2233 latutudinem
1810 2188 1866 2234 N

174 2247 193 2302 Η
213 2251 239 2290 3
270 2247 502 2301 quaedam
532 2244 589 2288 N
603 2246 619 2301 ss
639 2244 854 2289 tonorum
882 2246 930 2290 P
948 2244 967 2300 ΙΙ
986 2249 1014 2288 4
1033 2244 1338 2299 magnificata
1423 2245 1531 2299 fort.
1553 2250 1670 2290 recte
1690 2247 1706 2301 ΙΙ
1726 2259 1863 2302 prae-

168 2302 407 2414 eram
421 2300 941 2413 *effusurus
948 2301 1282 2414 assui-ff
1299 2301 1862 2414 {ffssssgffsf'a'gffiuffi’

169 2372 428 2458 alexandcss
455 2428 682 2470 agnorum
709 2414 756 2458 P
786 2428 850 2458 an
873 2413 1352 2457 Alexandriacorum?
1375 2414 1391 2470 ΙΙ
1413 2419 1438 2458 9
1468 2427 1749 2469 unaquaque
1769 2416 1815 2459 P
1833 2392 1860 2470 l,

169 2471 464 2515 oonteniatur
483 2472 530 2516 P
550 2472 566 2527 ΙΙ
591 2476 642 2514 10
661 2470 963 2514 ne-devitat
982 2482 1066 2514 om.
1090 2469 1147 2514 N
1160 2471 1176 2527 ΙΙ
1199 2470 1237 2514 a
1254 2471 1303 2514 et
1331 2470 1378 2514 P
1398 2471 1414 2526 ΙΙ
1438 2475 1486 2513 11
1519 2472 1747 2526 cogantur
1765 2472 1812 2515 P
1834 2473 1841 2528 Ι

169 2531 221 2571 13
230 2527 260 2572 f.
279 2541 545 2584 gurgunum
563 2529 611 2572 P
631 2528 647 2583 ΙΙ
667 2526 784 2570 muli
799 2527 954 2570 lautor
973 2539 1110 2570 nores
1128 2526 1244 2570 lonii
1258 2540 1426 2571 necare
1442 2539 1553 2569 nam
1570 2527 1686 2570 cessi
1699 2527 1745 2571 P
1766 2529 1782 2583 ΙΙ
1806 2531 1861 2571 17

165 2583 407 2639 transeget
435 2583 481 2626 P
501 2584 518 2639 ΙΙ
540 2588 593 2628 19
624 2583 772 2627 studi&
800 2583 846 2627 P
866 2582 1070 2641 ”preciti
1098 2584 1145 2627 P
1173 2564 1279 2636 ῗονύ.
1310 2583 1516 2640 praecito
1539 2583 1631 2638 1120
1658 2582 1783 2626 iectu
1811 2584 1860 2628 P

168 2638 193 2696 ΙΙ
217 2643 268 2682 21
300 2639 499 2695 voluptu
531 2640 579 2683 et
607 2639 814 2696 cupitate
843 2640 890 2683 P
916 2640 933 2695 ΙΙ
961 2645 1016 2684 23
1047 2640 1171 2682 a·ut
1199 2639 1246 2683 P
1274 2640 1290 2695 [1
1318 2639 1522 2696 quadam
1550 2639 1597 2682 P
1627 2639 1719 2693 1124
1749 2639 1856 2694 que]

199 2708 286 2738 uae
316 2697 363 2739 P
385 2696 400 2750 ΙΙ
422 2700 476 2739 25
507 2696 866 2740 mendatitatem
892 2695 911 2751 ΙΙ
936 2695 1113 2740 temita
1141 2696 1186 2739 P
1214 2697 1231 2752 ΙΙ
1259 2701 1312 2739 26
1342 2695 1596 2739 formidant
1625 2694 1682 2738 N
1703 2696 1718 2750 ΙΙ
1740 2695 1858 2738 scin-

166 2709 276 2795 dere
308 2751 359 2795 N
386 2753 402 2807 ΙΙ
430 2756 483 2795 27
515 2752 806 2796 confundunt
834 2751 892 2796 N
911 2753 927 2808 ΙΙ
955 2752 1209 2808 conpugito
1239 2753 1305 2807 P,
1345 2765 1438 2808 pon
1473 2751 1623 2807 pigito
1654 2750 1722 2805 N,
1762 2765 1858 2795 non

164 2806 326 2864 pigeto
356 2821 569 2864 promere
600 2808 782 2854 Hartel.
849 2848 854 2855 .
