1980 3134
614 179 618 183 -
656 149 713 195 V.
762 149 841 193 DE
871 148 1226 195 PARTICIPIO.
1684 153 1784 207 165

234 275 435 329 Uerum
483 276 527 328 si
575 276 693 345 quis
729 275 884 328 nobis
923 275 1220 329 dicentibus
1256 277 1597 346 participium
1635 279 1784 334 uerbi

93 348 254 400 actiui
300 348 555 415 temporis
601 346 876 415 praeteriti
921 345 1115 398 habere
1155 348 1550 416 conparationis
1588 351 1783 419 gradus

95 418 305 470 obicere
343 417 594 481 uoluerit,
635 434 698 468 ac
735 416 909 469 dicere
945 416 1082 484 quod
1112 418 1321 486 quoties
1347 419 1478 471 haec
1502 420 1785 489 participia

94 491 388 556 conparata
412 487 636 554 fuerint,
673 504 809 554 quae
843 486 986 539 infra
1011 505 1191 539 sumus
1216 489 1468 556 possituri
1493 493 1553 542 ut
1578 493 1787 559 sapiens

94 575 313 625 aman-5,
355 557 480 626 quia
516 557 645 609 haec
670 558 771 609 rite
799 560 1185 626 conparantur,
1225 561 1442 611 nomina
1466 561 1643 628 potius
1667 580 1784 630 par·
1828 578 1849 611 5

92 629 401 698 ticipiorum
439 627 634 679 similia
673 626 903 679 debeant
939 628 1234 697 aestimari,
1272 646 1380 681 non
1420 630 1551 682 mihi
1575 631 1787 684 uidetur

93 700 391 769 arguendus
447 702 539 750 61113
585 698 748 750 etiam
794 697 1190 765 improbandus.
1275 717 1374 751 nos
1422 718 1626 769 quoque
1673 703 1786 770 ipse

92 788 204 822 non
242 768 512 837 inprobet,
553 768 645 836 qui
683 768 823 836 quod
863 786 895 819 a
930 769 1118 836 peritis
1151 771 1349 821 nostris
1376 771 1669 840 didicimus,
1708 773 1787 825 in-

93 843 300 892 stanter
337 838 686 891 deffendimus
730 841 889 906 atque
926 838 1226 891 asserimus
1300 840 1618 908 astipuletur
1653 843 1787 894 mihi

92 912 150 963 in
199 910 304 962 hoc
349 908 654 961 Maeuius
701 908 787 960 uir
833 908 890 959 in
939 909 1263 961 carminibus
1311 910 1672 978 dulcissimus,
1723 913 1786 965 de
1808 930 1850 962 1ο

95 998 199 1049 quo
239 979 369 1031 illud
407 983 754 1047 praecentum
792 981 899 1031 est:
938 980 1037 1046 qui
1061 979 1255 1045 fanum
1291 981 1456 1033 mellis
1491 999 1598 1034 non
1624 988 1785 1049 amat,

94 1053 203 1104 odit
238 1055 332 1104 tua
366 1051 634 1113 carmina,
674 1048 881 1103 Maeui.
945 1050 1034 1101 hic
1060 1049 1547 1118 eloquentissimum
1575 1070 1789 1105 carmen

93 1123 150 1174 in
190 1125 310 1174 octo
347 1123 527 1189 partes
566 1119 821 1172 orationis
860 1118 1049 1187 edidit,
1088 1120 1145 1171 in
1182 1138 1286 1188 quo
1325 1120 1456 1173 haec
1481 1122 1580 1174 ait:
1618 1125 1788 1189 parti-

94 1194 292 1260 cipium
334 1192 539 1258 yeneris
585 1191 754 1243 omnis
800 1206 949 1242 omne
995 1194 1100 1243 tam
1146 1207 1207 1242 ex
1243 1191 1399 1244 uerbo
1437 1209 1596 1255 quam
1633 1194 1790 1246 etiam

95 1280 158 1316 ex
202 1263 412 1315 nomine
459 1262 880 1328 comparatiuum
916 1261 1278 1327 rectoyradum
1315 1262 1481 1315 trahit
1515 1264 1657 1316 iure:
1702 1265 1791 1316 sect
1811 1282 1851 1315 15

95 1337 143 1387 et
186 1333 570 1400 superlatiuum
615 1331 786 1383 eodem
830 1334 1055 1397 receptat
1099 1348 1253 1386 more.
1318 1332 1375 1382 in
1418 1350 1520 1400 quo
1559 1334 1792 1386 ostendit

97 1421 256 1456 omne
294 1420 466 1472 genus
503 1419 612 1453 non
651 1401 821 1452 solum
849 1400 1238 1468 appellatorum
1263 1403 1566 1468 nominum,
1605 1421 1788 1456 uerum

97 1474 256 1527 etiam
293 1474 577 1525 uerborum
616 1471 719 1523 hiis
755 1470 1045 1539 praedictis
1083 1471 1334 1540 gradibus
1372 1474 1664 1541 conparari.

240 1543 381 1596 Sunt
416 1542 577 1595 etiam
615 1541 924 1610 participia,
966 1558 1189 1609 quorum
1226 1542 1388 1594 uerba
1411 1560 1520 1594 11011
1547 1547 1658 1595 tam
1683 1544 1788 1596 usi-

94 1618 207 1667 tata
249 1617 396 1678 sunt,
446 1616 500 1665 et
535 1612 654 1664 ideo
692 1614 961 1681 negantur
997 1611 1112 1663 fieri
1148 1612 1458 1680 participia,
1509 1613 1599 1665 sed
1636 1615 1788 1666 aesti-
1811 1634 1853 1666 20

95 1687 312 1738 mantur
358 1684 577 1736 nomina
626 1699 738 1734 esse
783 1682 1189 1750 participiorum
1238 1682 1433 1734 similia
1473 1687 1534 1735 ut
1570 1687 1788 1752 toyatuS,

96 1757 383 1819 tunicatus,
423 1755 692 1818 mitram,
733 1753 986 1806 calciatus
995 1792 1009 1819 ‚
1043 1753 1339 1821 yladiatuS,
1377 1753 1641 1818 hastatzw,
1679 1771 1790 1808 scu-

96 1831 251 1880 tatus·
323 1825 465 1894 quod
522 1824 567 1876 si
620 1824 698 1875 ita
744 1826 850 1891 est,
907 1823 1195 1874 secundum
1241 1822 1379 1875 hanc
1426 1825 1687 1877 rationem
1738 1828 1792 1878 et

95 1899 230 1949 haec
276 1897 354 1948 ita
402 1912 514 1947 esse
571 1893 806 1946 dicamus
848 1894 1205 1960 praecinctus,
1255 1894 1493 1956 uestituS,
1543 1897 1791 1960 amictu&

97 1985 323 2036 quorum
351 1968 535 2019 tamen
560 1964 725 2016 uerba
763 1964 909 2016 omni
943 1963 1147 2033 legenti
1175 1964 1514 2031 paratissimo
1546 1965 1789 2034 frequen—
1813 1984 1854 2017 25

95 2038 410 2106 tissimoque
448 2037 736 2104 suppetant
771 2051 917 2086 ussu.
976 2036 1029 2085 et
1066 2033 1326 2102 quomodo
1365 2034 1497 2086 illud
1532 2036 1791 2088 Aeneae

94 2108 303 2161 stabit?
353 2107 543 2160 milites
578 2105 756 2173 inquit
793 2105 1117 2158 tunicantur.
1183 2106 1236 2156 et
1273 2104 1488 2168 iterum,
1529 2107 1647 2172 quis
1679 2106 1792 2173 yla·

98 2179 334 2233 otiabitur
389 2179 450 2231 in
505 2175 670 2230 bello?
738 2174 1060 2226 Horatius
1118 2191 1327 2242 quoque
1380 2191 1570 2242 mayno
1616 2175 1793 2244 inquit

97 2251 295 2317 impetu
327 2249 467 2314 facto
504 2248 854 2300 hastauerunt
886 2261 938 2298 se
961 2260 1136 2297 omnes
1160 2249 1208 2297 et
1230 2245 1589 2298 calciauerunt
1613 2249 1659 2298 et
1681 2261 1791 2298 scu·

99 2324 267 2373 tantes
311 2335 364 2372 se
410 2319 708 2370 inruerunt.
770 2315 918 2367 uides
965 2332 1084 2367 6006
1129 2314 1391 2382 quomodo
1437 2314 1568 2367 haec
1615 2316 1792 2367 actiua
1813 2335 1856 2367 30

99 2390 264 2442 uerba
317 2388 695 2453 inueniuntur,
752 2389 806 2438 et
858 2402 970 2437 non
1025 2384 1183 2436 modo
1235 2386 1412 2437 actiua
1464 2385 1790 2454 simpliciter,

99 2478 285 2512 uerum
333 2461 387 2510 et
431 2457 739 2526 tripliciter:
796 2455 1078 2508 manifeste
1129 2454 1272 2506 enim
1324 2455 1560 2507 ostendit
1608 2473 1792 2508 sensus

215 2647 240 2685 3
273 2639 426 2696 a01ad
446 2639 533 2695 Nn
551 2644 582 2703 4
610 2638 752 2682 imfra
780 2637 867 2701 Νη
890 2642 914 2680 5
943 2636 1033 2695 rit?
1061 2636 1148 2692 Nn
1171 2607 1596 2700 vitrobandpsivjfl
1618 2640 1644 2681 8
1665 2636 1794 2680 deffi-

102 2698 248 2742 cimus
275 2697 331 2741 N
347 2698 362 2752 ΙΙ
387 2701 438 2740 10
470 2695 619 2739 Meius
647 2695 717 2738 vel
745 2694 892 2737 Mevis
925 2695 1016 2749 (me
1048 2694 1179 2748 corr.)
1210 2692 1267 2736 N
1289 2693 1304 2748 ΙΙ
1327 2692 1603 2756 dulcmfflmls
1630 2692 1688 2736 N
1703 2694 1718 2749 ΙΙ
1743 2697 1796 2736 14

102 2795 187 2839 aex
217 2781 274 2826 N
287 2781 306 2838 Η
326 2786 380 2824 22
401 2780 630 2831 metratus
650 2778 706 2822 N
722 2780 738 2834 ΙΙ
761 2778 936 2842 astatus
958 2790 1014 2820 ex
1035 2777 1213 2820 estutus
1232 2776 1289 2840 N
1304 2777 1319 2832 ΙΙ
1342 2781 1395 2820 23
1416 2758 1580 2820 nnhanc
1615 2776 1672 2821 N
1695 2777 1711 2832 ΙΙ
1740 2781 1794 2820 24

100 2836 486 2951 pgaplilplagpgswl
508 2840 562 2880 25
592 2836 921 2892 parantismmo
950 2833 1005 2876 N
1021 2835 1037 2888 ΙΙ
1060 2837 1112 2876 26
1144 2833 1387 2889 supp1tant
1405 2832 1461 2877 N
1477 2833 1492 2888 ΙΙ
1515 2834 1563 2876 et
1585 2834 1676 2888 qia-6
1696 2833 1753 2877 Ν
1770 2831 1791 2887 ΙΙ
