1980 3134
153 109 254 162 168
534 109 791 155 VIRGILII
818 109 1036 155 MARON
1040 110 1094 154 IS
1124 110 1473 157 EPISTOLAE.

152 236 376 301 imitari,
424 253 542 289 cum
593 237 725 288 dicis
765 238 1104 305 qaudeudum
1152 238 1264 289 siue
1311 239 1685 292 meditandum.
1757 241 1846 293 sed

153 308 253 359 hoc
300 307 366 358 ad
403 306 768 375 inpersonalia
805 308 969 359 uerba
1005 308 1368 374 referendum,
1421 326 1646 377 quorum
1682 311 1848 379 parti-

155 377 296 446 cipia
341 382 467 428 sunt
512 376 644 429 haec
693 395 826 446 quae
874 378 1248 445 praediximus,
1310 382 1436 430 sunt
1481 380 1641 432 etiam
1687 381 1849 449 parti-

153 447 293 518 cipia
341 464 476 516 quae
527 447 748 500 deficere
795 450 1057 516 putantur
1101 449 1456 517 temporibuS,
1507 450 1650 518 quod
1697 451 1851 503 ualde

110 541 131 572 5
154 519 348 570 mirum
387 519 492 582 est,
534 535 654 570 cum
690 519 809 587 ipsa
844 518 1007 570 uerba
1043 536 1154 570 non
1179 519 1446 572 deficiant.
1511 520 1724 573 credere
1749 522 1850 573 ita-

155 606 255 658 que
304 605 415 640 non
454 588 704 640 debemus
744 589 886 656 quod
923 589 1206 657 participia
1241 590 1419 642 uerbis
1457 590 1631 643 adhuc
1669 609 1733 642 ex
1769 592 1850 643 in·
1904 627 1907 629 Α

153 662 308 727 tegro
355 659 739 727 possitantibus
786 659 1009 711 deficere
1059 659 1278 727 possint.
1342 660 1625 729 participia
1671 666 1852 713 autem

154 729 286 782 talia
313 732 461 781 sunt:
486 730 719 797 studeri-3,
757 746 887 781 nam
920 729 1262 798 participium
1287 729 1374 782 hic
1399 732 1656 800 temporis
1683 731 1853 784 futuri

155 818 186 852 a
223 799 491 868 plerisque
527 803 755 869 negatur
792 799 1000 862 haberi,
1043 803 1102 851 ut
1136 801 1430 854 studiturus
1466 819 1575 853 non
1613 801 1849 870 dicatur3

92 895 133 927 10
156 870 295 939 quod
332 871 524 939 ignoro
562 888 722 938 quam
762 888 924 938 praue
960 873 1209 938 putetur,
1248 870 1353 922 nisi
1389 871 1532 923 forte
1558 889 1675 924 cum
1701 889 1850 940 prae—

155 940 373 993 teritum
410 945 620 1009 tempus
657 940 950 992 indicatiuo
988 940 1147 993 modo
1186 941 1335 992 uerbi
1372 941 1529 994 huius
1566 960 1678 995 non
1717 942 1853 995 acci-

157 1012 280 1063 dere
329 1011 600 1076 credatur3
653 1011 794 1079 quod
840 1011 1052 1078 penitus
1089 1029 1198 1063 non
1239 1013 1515 1076 conuenit,
1566 1012 1692 1080 quia
1728 1030 1853 1081 sepe

156 1082 383 1150 legimus
428 1082 623 1135 studui.
686 1086 767 1133 est
814 1082 976 1133 etiam
1023 1081 1166 1133 aliud
1211 1081 1551 1150 participium
1597 1083 1854 1151 temporis

155 1152 351 1219 futuri,
392 1152 531 1220 quod
571 1151 905 1204 solummodo
933 1151 1122 1203 ceteris
1151 1151 1411 1204 abdicatis
1437 1152 1672 1205 inueniri
1696 1171 1855 1221 posse

94 1244 136 1278 15
160 1223 498 1284 aestimatur,
525 1226 587 1274 ut
611 1223 929 1289 uryueuduS,
957 1222 1108 1290 quasi
1132 1239 1362 1289 uryuens
1386 1222 1495 1292 legi
1519 1241 1631 1275 non
1658 1223 1854 1293 possit3

159 1293 302 1362 quod
329 1297 454 1362 quia
478 1292 910 1360 frequentissime
936 1291 1180 1361 legimUS,
1215 1293 1470 1361 exemplis
1496 1311 1605 1346 non
1630 1294 1853 1362 indiget.

159 1365 235 1415 sic
263 1364 424 1416 etiam
449 1364 725 1431 uryiturus
751 1367 804 1415 et
827 1363 1048 1430 uryituS.
1091 1362 1276 1415 dicunt
1301 1363 1461 1415 etiam
1487 1364 1626 1432 quod
1654 1368 1857 1432 coeptus

160 1433 483 1487 defectiuum
521 1433 866 1502 participium
905 1433 1001 1485 sit:
1041 1433 1394 1500 conpellimur
1432 1437 1484 1485 et
1521 1452 1620 1486 nos
1657 1435 1714 1486 in
1751 1434 1857 1486 1100

159 1505 409 1558 assentiri
435 1506 536 1572 eis,
576 1504 698 1572 quia
720 1505 916 1571 incipio
940 1502 1180 1557 neutrale
1209 1504 1428 1556 uerbum
1455 1508 1550 1557 est.
1602 1504 1692 1557 sed
1718 1504 1857 1557 forte

95 1599 138 1632 20
162 1575 324 1643 dicas,
364 1574 489 1644 quia
514 1575 663 1642 capio
690 1574 927 1626 act-inum
965 1577 1070 1639 est,
1111 1591 1174 1625 ex
1212 1591 1314 1642 quo
1351 1579 1568 1642 coeptus.
1631 1592 1743 1627 non
1781 1575 1858 1627 ita

161 1648 269 1713 est,
318 1663 444 1698 nam
493 1663 557 1697 ex
604 1644 704 1697 hoc
747 1644 911 1696 uerbo
951 1644 1241 1696 secundum
1279 1645 1548 1712 passiuam
1585 1645 1856 1714 significa-

159 1717 360 1769 tionem
396 1733 506 1768 non
547 1720 750 1783 coeptus
788 1715 879 1767 sed
917 1718 1098 1782 captus
1134 1714 1302 1767 uenit.

304 1786 510 1838 Mirans
556 1786 735 1854 itaque
780 1785 1043 1853 quomodo
1090 1785 1290 1853 passiui
1327 1785 1479 1837 uerbi
1516 1785 1858 1854 participium

162 1875 194 1909 a
239 1857 470 1909 neutrali
515 1857 681 1908 uerbo
732 1856 915 1908 uenire
960 1856 1156 1923 possit,
1205 1873 1363 1924 super
1409 1856 1511 1908 hoc
1557 1857 1859 1908 Aeneam

97 1949 138 1983 25
161 1927 526 1996 interrogasse
552 1926 796 1992 memini,
839 1934 892 1978 et
916 1925 1098 1978 taliter
1123 1925 1255 1977 mihi
1281 1925 1583 1994 respondit:
1621 1925 1723 1978 hoc
1746 1944 1859 1978 non

163 2015 276 2050 esse
303 1996 663 2066 participium,
690 1997 782 2047 sed
809 2013 1006 2048 nomen
1027 1995 1347 2048 adiectiuum
1364 1996 1648 2064 participio
1668 1996 1857 2048 simile.

161 2067 262 2120 1100
287 2069 550 2119 Aeneae
588 2067 651 2118 de
687 2067 794 2118 isto
834 2066 1119 2134 participio
1158 2066 1411 2118 iudicium
1449 2070 1544 2119 est.
1609 2083 1729 2118 cum
1759 2066 1860 2118 ita-

163 2155 263 2207 que
301 2138 565 2190 audissem
604 2154 723 2189 eum
761 2136 989 2188 diffinite
1027 2137 1317 2203 dicentem,
1358 2136 1500 2205 quod
1526 2154 1557 2188 a
1583 2136 1860 2188 defectiuis

163 2208 340 2260 uerbis
379 2207 644 2260 defectiua
681 2206 963 2275 participia
1000 2224 1206 2274 semper
1244 2224 1356 2259 esse
1395 2207 1648 2271 debeant,
1697 2207 1860 2259 inter-

101 2300 143 2333 30
165 2278 354 2348 rogaui
393 2296 513 2331 eum
552 2277 760 2330 dicens:
809 2278 1060 2344 quomodo
1097 2293 1240 2345 erqo,
1281 2278 1358 2329 mi
1395 2278 1626 2343 domiue,
1667 2277 1733 2330 ab
1770 2277 1862 2331 illo

164 2350 345 2414 uerb0,
394 2349 533 2416 quod
567 2349 626 2401 iu
659 2349 898 2415 personis
935 2347 1135 2413 defecit,
1184 2348 1485 2400 iriueuimus
1517 2348 1862 2415 participium

163 2420 339 2487 nasei,
388 2423 447 2473 ut
491 2422 566 2472 est
611 2419 825 2471 ‘decens'
875 2436 909 2470 a
956 2417 1129 2471 decet?
1184 2419 1315 2470 tunc
1362 2417 1427 2469 ad
1466 2436 1547 2470 me
1584 2417 1862 2470 subridens

167 2490 266 2542 ait:
318 2506 498 2542 moneo
544 2492 589 2541 te
606 2529 618 2552 ,
672 2489 780 2556 fili,
837 2505 901 2541 ue
944 2488 1286 2541 similitudine
1333 2489 1518 2555 aliqua
1565 2489 1863 2542 seducaris:

284 2688 305 2725 1
339 2683 522 2727 emitari
550 2683 606 2727 N
629 2684 645 2739 ΙΙ
676 2688 699 2726 7
730 2666 1064 2740 possitantibus
1101 2682 1173 2736 N,
1213 2683 1555 2739 poscitantibus
1594 2695 1709 2727 corr.
1739 2682 1862 2733 Mai,

167 2739 487 2795 prostantibus
507 2739 676 2783 Παντεῖ
697 2740 712 2795 ΙΙ
738 2745 788 2783 10
820 2740 1012 2783 brevem
1042 2738 1113 2792 N,
1147 2740 1266 2783 bene
1287 2739 1394 2782 Mai
1414 2740 1431 2795 ΙΙ
1454 2744 1506 2782 14
1536 2738 1747 2782 invenire
1767 2738 1823 2781 N
1837 2738 1859 2794 ΙΙ

171 2800 222 2839 18
254 2794 508 2838 defectium
537 2796 593 2840 N
609 2797 624 2852 ΙΙ
646 2800 700 2840 23
736 2795 856 2839 mira
884 2795 1100 2850 mirataq:
1131 2795 1202 2848 N,
1242 2795 1415 2839 mirans
1452 2797 1613 2849 itaque
1645 2794 1751 2837 Mai
1772 2795 1786 2848 ΙΙ
1810 2798 1864 2836 24

168 2851 382 2895 neutrale
408 2850 466 2895 N
489 2852 504 2906 ΙΙ
534 2857 588 2895 28
621 2852 680 2894 ad
717 2852 880 2907 N1130
911 2851 1031 2894 don-e
1062 2851 1149 2906 ΝΙΙ
1172 2856 1224 2895 3-3
1257 2851 1411 2894 diecet
1439 2851 1502 2895 N.
