1980 3134
212 95 281 147 84
594 90 852 136 VIRGILII
881 89 1158 135 MARONIS
1189 90 1515 140 EPITOMAE.

212 220 352 272 solus
399 237 495 288 per
542 218 682 270 diem
719 218 799 269 sui
838 216 1063 285 fulgoris
1110 218 1166 269 ui
1211 219 1385 270 totum
1429 219 1610 270 orbem
1660 219 1904 272 obtunsis

212 308 321 342 una
357 289 524 342 stellis
562 306 683 341 cum
718 288 848 339 luna
882 287 1160 353 inlustrat,
1203 288 1289 340 uel
1328 291 1469 340 certe
1496 289 1576 341 sol
1603 306 1666 341 ex
1693 290 1903 342 sollem-

211 362 379 412 nitate
444 359 544 411 hoc
611 361 690 410 est
751 357 1119 410 habundantia
1183 358 1480 427 splendoris
1547 363 1903 430 nuncupatur.

213 541 511 597 cogitationis
543 565 595 570 —
626 539 813 582 nomine
845 540 1083 582 caeterum
1113 539 1152 581 si
1181 552 1317 582 omne
1350 539 1476 594 quod
1499 566 1549 572 —
1572 540 1905 595 requirendum

214 602 284 641 est
313 597 438 640 unde
471 595 735 652 appellatur
764 609 864 650 pus.
895 609 983 651 pus
1013 595 1062 637 in
1092 594 1330 638 latinitate
1350 595 1675 652 philosophica
1696 596 1906 640 custodia

214 655 333 696 sicut
363 652 597 709 origenius
627 651 742 694 dicit
762 676 815 682 -
845 663 1014 707 corpus
1046 663 1157 707 ergo
1189 663 1218 693 a
1247 663 1419 694 corona
1450 652 1770 696 circumdandi
1801 654 1850 696 et
1879 666 1907 696 a

216 709 429 752 custodia
457 707 692 752 retinendi
722 707 893 750 dicitur
913 732 966 738 -
989 706 1205 750 sumendi
1235 706 1397 750 oculus
1419 707 1478 752 ab
1501 708 1751 762 oculendo‚
1783 709 1906 752 auris

216 766 275 808 ab
306 765 563 808 hauriendo
596 763 811 807 auditum
842 763 1028 806 dicitur.
1076 763 1242 819 pectus
1273 776 1302 806 a
1329 762 1654 820 philosophica
1672 764 1908 809 latinitate

215 835 322 865 cum
353 821 676 864 additamento
707 834 727 862 s
758 818 977 862 scribitur
999 831 1057 862 ex
1078 832 1133 862 eo
1155 819 1281 874 quod
1303 821 1486 875 spectat
1508 845 1562 851 —
1584 821 1763 864 secreta
1783 821 1907 864 unde

214 878 459 921 lucanus
522 876 676 920 uando
699 890 748 920 as
814 875 968 919 ectore
992 874 1188 918 colitant
1208 875 1517 931 cogitationes
1538 876 1621 920 sed
1639 889 1723 920 nos
1742 879 1908 933 pectus

216 948 245 977 a
280 934 499 991 pectinan
535 945 561 975 o
599 932 722 975 idest
767 890 1073 975 discernendo
1113 931 1429 988 cogitamenta
1465 932 1590 975 unde
1627 931 1677 975 in
1717 933 1910 976 modum

215 990 365 1045 pectis
402 989 643 1032 cuiusdam
681 988 824 1032 etiam
861 986 1110 1031 visibiliter
1145 987 1426 1042 conpactum
1456 989 1527 1031 est
1554 988 1679 1031 unde
1711 990 1760 1032 et
1789 1002 1908 1044 quae

217 1047 266 1089 in
297 1046 489 1102 pectore
520 1044 643 1088 male
675 1044 941 1102 cogitantur
971 1068 1015 1074 -
1056 1045 1252 1098 peccata
1281 1067 1336 1073 ——
1366 1042 1457 1087 dici
1488 1044 1663 1087 debent
1692 1045 1751 1088 ab
1775 1046 1909 1089 uber-

220 1103 319 1146 tate
357 1101 493 1146 lactis
532 1101 571 1145 si
607 1100 710 1156 quis
749 1101 798 1143 in
836 1099 947 1143 viris
977 1123 1033 1130 —-
1061 1099 1302 1142 nominare
1333 1128 1388 1134 —
1419 1100 1501 1155 qui
1530 1099 1747 1144 humores
1777 1100 1910 1144 inun-

219 1159 387 1202 danter
418 1158 684 1201 *exuberant
720 1156 988 1213 philosophi
1026 1154 1252 1199 virtutem
1290 1160 1340 1198 et
1377 1168 1561 1199 cursum
1598 1157 1709 1199 man
1741 1157 1789 1200 et
1815 1158 1912 1213 'pen

219 1215 507 1260 vocaverunt
536 1238 591 1244 —
622 1226 707 1268 per
743 1225 903 1256 omnes
935 1225 1066 1255 casus
1095 1224 1316 1255 numeros
1346 1225 1521 1268 genera
1550 1212 1828 1269 monoptota
1856 1236 1912 1244 ——

222 1274 311 1314 est·
324 1284 351 1313 a
364 1266 474 1313 mar'i
485 1295 539 1301 ———
556 1269 823 1325 appellatae
841 1268 949 1311 sunt
963 1293 1018 1298 —
1033 1267 1127 1324 per'i
1142 1293 1195 1298 -
1213 1266 1339 1322 quod
1355 1281 1384 1311 a
1399 1281 1536 1312 cursu
1554 1271 1625 1312 est
1642 1294 1694 1300 -
1712 1269 1838 1312 labia
1854 1282 1912 1312 ex

220 1326 381 1370 labore
410 1325 650 1380 loquendi.
704 1324 888 1368 Aeneas
917 1337 1047 1367 meus
1079 1337 1216 1380 super
1245 1336 1416 1367 nomen
1446 1324 1576 1367 aliud
1595 1324 1833 1380 intellegit
1853 1325 1913 1368 ob

220 1383 309 1426 hoc
346 1381 511 1437 inquid
547 1381 676 1425 labia
710 1380 960 1434 vocantur,
999 1380 1112 1435 quia
1149 1379 1341 1423 cottidie
1378 1393 1464 1436 per
1492 1381 1639 1424 verba
1666 1377 1714 1423 i‘n
1745 1381 1913 1424 vitium

221 1439 460 1482 labuntur.
502 1437 624 1494 lapis
655 1436 711 1480 de
733 1437 882 1492 lapsu,
935 1436 1016 1479 sed
1048 1435 1187 1479 altius
1218 1434 1400 1491 lapides
1426 1436 1738 1493 —lampades
1767 1437 1914 1493 igitur

224 1495 282 1551 (‘?)
305 1493 625 1538 accendunt-ur
653 1492 778 1536 unde
810 1492 859 1536 et
886 1492 1069 1548 lapides
1097 1491 1299 1547 preciosi
1327 1516 1382 1524 -
1413 1491 1686 1548 splendore,
1716 1506 1828 1536 saxa
1846 1492 1915 1536 in-

222 1551 383 1594 mania
414 1551 462 1593 et
489 1548 746 1592 inmobilia.
797 1549 935 1604 petra
964 1549 1022 1592 de
1051 1548 1233 1591 duricia
1262 1561 1398 1592 omne
1430 1549 1555 1592 enim
1585 1548 1752 1592 durum
1782 1550 1830 1592 et
1849 1549 1917 1592 in-

225 1607 466 1650 domatum
505 1606 632 1662 apud
668 1607 853 1649 veteres
887 1608 1076 1660 petrum
1105 1604 1375 1652 vocabatur,
1436 1604 1561 1660 quod
1591 1618 1914 1659 quaecumque

223 1676 396 1707 nomen
410 1663 465 1706 ut
484 1662 630 1706 verba
649 1661 904 1705 secundum
960 1661 1330 1717 ropinquitatem
1350 1673 1443 1704 non
1464 1661 1733 1705 sonaverint
1752 1674 1916 1704 secun-

226 1721 338 1762 dum
375 1732 562 1763 sensum
602 1719 649 1761 et
685 1717 910 1761 consuetu
948 1717 1044 1761 'nes
1076 1716 1411 1772 scripturarum
1448 1716 1756 1774 intelligenda
1793 1718 1916 1760 sunt.

224 1788 406 1819 menses
428 1789 456 1819 a
478 1787 711 1828 mensura,
731 1775 917 1818 veteres
938 1787 966 1817 a
988 1785 1151 1816 mensa
1167 1785 1221 1816 eo
1238 1773 1364 1827 quod
1389 1786 1684 1816 communem
1706 1786 1917 1817 mensam

227 1831 443 1875 omnibus
472 1830 566 1874 suis
595 1830 823 1873 fructibus
842 1829 1031 1873 faciant.
1077 1828 1202 1872 unde
1226 1832 1272 1872 et
1292 1829 1486 1873 iemales
1506 1842 1600 1872 non
1620 1842 1803 1873 menses
1824 1829 1917 1872 dici

226 1888 308 1932 sed
338 1887 494 1944 spatia
522 1886 699 1930 volunt.
748 1886 899 1942 gloria
929 1899 987 1929 ex
1017 1898 1071 1929 eo
1103 1884 1274 1927 dicitur
1305 1885 1415 1940 quia
1435 1884 1520 1928 alti
1541 1885 1712 1941 quique
1734 1885 1789 1928 ut
1810 1886 1919 1929 sunt

227 1944 293 1986 dii
323 1943 449 1999 apud
468 1942 651 2040 philoso
687 1942 736 1985 hi
756 1942 911 1997 glores
932 1941 1164 1984 dicuntur.
1208 1940 1291 1984 sed
1312 1941 1489 1984 cercius
1509 1940 1709 1996 gloriam
1730 1954 1758 1984 a
1776 1941 1916 1997 glori-

226 1999 443 2042 ficatione
494 1997 625 2042 audis
691 1998 841 2041 'citur.
899 1997 988 2040 hoc
1026 1996 1267 2040 sciendum
1297 1996 1422 2052 quod
1453 1997 1609 2040 omnia
1637 2011 1758 2053 pene
1789 1997 1915 2053 apud

226 2057 412 2099 veteres
444 2054 559 2098 aliat
596 2053 875 2098 dicebantur
906 2055 955 2096 et
983 2067 1107 2096 nunc
1137 2052 1264 2108 apud
1292 2065 1375 2095 nos
1406 2053 1523 2096 aliat
1551 2053 1799 2097 habentur.
1861 2067 1917 2097 ex

227 2111 396 2168 quibus
427 2112 498 2155 est
559 2110 681 2154 ratia
711 2123 853 2166 quam
885 2122 985 2152 esse
1018 2109 1214 2152 dicimus
1245 2107 1372 2164 quod
1435 2109 1548 2153 ratis
1570 2110 1618 2153 et
1638 2110 1735 2153 sine
1757 2110 1916 2173 precio

227 2168 327 2212 acci
362 2167 456 2211 itur
498 2167 571 2210 ili
615 2166 852 2222 gratulam
891 2165 1113 2209 dicebant
1152 2178 1180 2208 a
1216 2165 1404 2221 gratula
1430 2165 1554 2219 ‘one,
1599 2178 1683 2209 nos
1722 2165 1918 2209 dicimus

226 2225 338 2267 brac
372 2223 467 2267 iam
499 2237 556 2267 ex
585 2222 774 2267 bracho.
820 2221 1064 2266 brachium
1095 2221 1220 2264 enim
1248 2221 1298 2263 in
1326 2221 1562 2265 latinitate
1592 2220 1921 2278 philosophica

227 2279 456 2323 fortitudo
488 2279 669 2323 dicitur.
727 2278 797 2321 illi
835 2290 948 2322 vero
1012 2276 1318 2320 rotentorium
1354 2277 1587 2321 vocabant
1616 2277 1675 2320 ab
1708 2290 1762 2321 eo
1795 2277 1920 2331 quod

228 2335 540 2392 protenditur.
600 2347 685 2378 nos
724 2334 920 2378 dicimus
992 2334 1123 2377 entes
1161 2333 1288 2388 quod
1327 2332 1469 2378 edent
1506 2334 1559 2377 ut
1589 2333 1703 2377 dent
1731 2333 1920 2388 loquele

230 2393 302 2436 est
346 2391 662 2435 fortationem.
728 2390 801 2434 iffi
846 2389 1051 2434 ruminos
1088 2389 1316 2434 vocarunt
1353 2390 1465 2444 quia
1502 2390 1693 2433 cunctos
1730 2389 1922 2432 rodiunt

230 2448 372 2493 cibos,
431 2450 612 2492 Aeneas
651 2446 815 2490 dentes
851 2446 1095 2489 mandulas
1134 2446 1228 2489 dici
1266 2445 1432 2489 melius
1471 2446 1725 2489 arbitratus
1764 2446 1835 2488 est
1864 2458 1921 2488 ex

231 2517 285 2547 eo
316 2503 443 2559 quod
471 2503 717 2548 mandunt.
778 2502 854 2546 hic
881 2502 1010 2546 idem
1038 2501 1156 2544 mihi
1185 2501 1372 2545 dicebat
1402 2515 1507 2546 cum
1537 2502 1595 2545 ab
1628 2515 1683 2545 eo
1712 2501 1923 2557 inquirer

231 2559 346 2614 quid
377 2560 498 2604 esset
526 2561 710 2605 natura.
772 2572 798 2602 o
829 2558 897 2602 fili
927 2559 1063 2612 scito,
1105 2557 1231 2614 quod
1262 2558 1624 2613 uniuscuiusque
1655 2557 1723 2601 rei
1752 2558 1922 2601 natura

231 2641 286 2648 —
317 2616 503 2660 omnino
534 2616 780 2659 subsistere
811 2628 866 2659 ac
894 2615 1054 2659 vivere
1084 2638 1140 2646 —
1169 2614 1278 2657 actu
1309 2639 1360 2646 ——
1391 2615 1573 2658 natatu.

235 2826 248 2877 (
335 2773 371 2879 Ξ
415 2769 780 2879 sollemnitatem
823 2769 879 2814 N
908 2769 924 2824 ΙΙ
961 2773 986 2812 3
1031 2767 1358 2812 habundancia
1401 2767 1458 2812 N
1487 2768 1502 2823 ΙΙ
1538 2767 1833 2823 noncupatur
1871 2768 1928 2811 N

252 2837 340 2868 sem
374 2837 452 2872 er.
