1980 3134
633 111 690 155 11.
736 111 815 155 DE
846 110 1224 156 PRONOMINE.
1673 112 1771 166 125

220 238 320 291 Est
367 255 684 308 pronomem
734 237 798 290 de
847 256 951 306 quo
1001 238 1261 290 dubitatio
1299 255 1494 307 magna
1530 237 1771 305 habetur,

79 311 261 362 utrum
330 309 543 362 finitum
614 326 683 360 an
743 308 1014 360 infinitum
1076 309 1147 360 sit
1204 310 1266 360 ut
1325 309 1433 361 iste.
1525 308 1774 360 nonnulli

78 381 278 432 etenim
330 379 603 431 infinitum
662 395 775 430 esse
830 395 947 430 cum
997 379 1226 447 quadam
1276 378 1602 430 diffensionis
1650 395 1773 430 suae

76 450 395 502 auctoritate
450 448 734 501 hortantur
789 450 850 499 ut
902 465 990 516 eyo
1045 449 1138 501 iste
1152 488 1165 515 ,
1222 452 1280 501 tu
1333 450 1451 515 iste,
1510 449 1596 501 ille
1648 450 1772 513 ἰδίω

76 520 222 588 (111οᾶ
272 523 453 571 tamen
505 519 563 570 in
607 518 805 570 nostris
853 518 1167 570 lectionibus
1212 535 1321 570 non
1367 521 1480 570 tam
1527 521 1771 586 prompte
1816 533 1838 567 5

78 607 178 642 nec
236 593 420 658 parate
469 588 527 640 in
576 607 674 641 usu
728 588 970 640 habitum
1016 588 1359 657 repperimus
1418 606 1526 641 uno
1576 589 1774 640 etenim

79 659 450 712 tantummodo
497 659 555 710 in
603 658 719 710 loco
757 658 859 710 hoc
906 658 1038 727 legi,
1088 676 1208 710 cum
1247 657 1402 711 Cato
1449 658 1641 711 dixerit
1687 675 1774 726 090

80 731 175 783 iste
237 731 329 796 qui
390 730 586 783 locutus
644 745 786 792 sum,
854 730 996 796 quod
1059 732 1237 780 utrum
1298 732 1439 780 recte
1500 747 1568 780 an
1626 746 1774 780 secus

78 800 341 868 posuerit,
404 816 517 850 11011
564 801 644 850 est
691 798 872 850 iudicii
920 799 1023 850 mei
1070 798 1350 850 decernere
1397 801 1492 850 aut
1537 798 1773 863 definire,

82 887 201 922 cum
255 873 366 921 tam
420 868 591 921 multa
646 868 716 920 sit
771 875 823 920 et
879 869 1093 936 copiosa
1140 868 1422 920 latinitatis
1474 869 1637 920 totius
1685 886 1775 920 re-
1799 885 1839 917 10

81 941 170 1008 gio
227 942 282 991 et
338 942 399 991 ut
445 939 523 991 ita
573 939 745 990 dicam
794 938 1020 1007 pelagus
1066 940 1389 1003 inmensum,
1438 941 1498 989 ut
1548 939 1778 990 discerni

80 1010 303 1062 omnino
354 1009 689 1061 diuersitates
738 1009 903 1077 ipsius
953 1012 1006 1061 et
1052 1026 1225 1061 nouae
1274 1007 1682 1060 adinuentiones
1727 1011 1779 1060 et

82 1080 418 1148 incognitae,
493 1082 555 1131 ut
624 1081 910 1148 putantur,
987 1097 1018 1131 a
1089 1079 1303 1130 nemine
1377 1078 1441 1130 ad
1516 1078 1777 1147 liquidum

81 1151 301 1218 possint.

226 1218 363 1272 Sunt
401 1219 492 1287 qui
525 1222 722 1287 putant
746 1236 1044 1287 pronomen
1071 1219 1238 1272 alium
1263 1219 1574 1287 genetiuum
1600 1235 1778 1270 casum
1802 1234 1842 1266 15

84 1289 309 1358 habere,
350 1290 492 1358 quod
530 1290 769 1357 putatiue
807 1289 985 1358 potius
1024 1306 1183 1357 quam
1209 1288 1600 1341 rationabiliter
1629 1306 1776 1339 usur-

84 1363 269 1428 patum
309 1359 631 1412 credendum
669 1363 763 1411 est.
827 1359 1075 1411 nonnulli
1113 1358 1254 1410 enim
1292 1359 1369 1410 ita
1406 1358 1780 1410 declinandum

87 1433 274 1482 rentur
310 1430 415 1483 hoc
454 1447 777 1498 pronomen:
816 1430 956 1482 alius
993 1430 1133 1499 alius
1170 1429 1259 1481 ali.
1322 1428 1476 1480 multi
1516 1430 1673 1480 etiam
1703 1429 1780 1479 ita

85 1501 382 1553 declinant:
451 1501 592 1554 alius
643 1501 720 1552 ali
775 1500 898 1552 alio.
979 1498 1230 1551 nonnulli
1285 1500 1778 1551 commentabantur

84 1571 228 1624 alius
264 1571 366 1623 alis
403 1570 514 1622 siue
552 1571 762 1624 alionis.
825 1569 916 1622 sed
953 1569 1085 1621 11300
1123 1568 1303 1620 01111113
1341 1587 1408 1620 ex
1445 1568 1596 1621 nulla
1633 1570 1779 1620 certa
1802 1584 1843 1616 20

85 1641 405 1692 auctoritate
429 1643 684 1708 poterunt
708 1640 1018 1708 adprobari:
1044 1657 1216 1707 neque
1243 1639 1386 1691 enim
1408 1637 1755 1691 Ciceronis
1770 1680 1782 1703 ,

87 1708 1486 1779 Donis,CatoniS,UirgiliAssianiautillius
1506 1707 1782 1760 Troiani

89 1784 181 1833 aut
227 1780 567 1849 Galbungi
613 1780 700 1832 uel
736 1779 1047 1832 Terrenti
1084 1786 1176 1831 aut
1212 1779 1433 1831 alicuius
1471 1781 1782 1845 ceterorum,

85 1851 176 1920 qui
203 1851 266 1903 de
297 1851 498 1903 artibus
526 1851 692 1903 multa
727 1868 887 1918 opera
921 1851 1164 1902 fecerunt
1204 1852 1415 1917 compte
1450 1851 1506 1901 et
1539 1847 1781 1916 pulcher·

86 1922 218 1973 rime
255 1921 608 1989 scripserunt,
656 1921 798 1972 dicta
835 1921 1144 1988 depromere
1183 1919 1247 1971 ad
1284 1919 1600 1971 firmandum
1636 1918 1781 1970 hunc
1804 1933 1846 1965 2⁵

89 2009 296 2044 cassum
352 1991 663 2044 ualebunt.·
687 1991 750 2043 de
804 1990 908 2043 hoc
965 2007 1092 2060 ergo
1149 1990 1468 2058 pronomine
1513 1989 1617 2041 ista
1667 2006 1783 2040 sen-

86 2061 257 2114 tentia
311 2062 573 2114 seruanda
620 2064 726 2127 est,
781 2060 922 2130 quod
974 2061 1284 2130 genetiuum
1334 2077 1540 2112 cassum
1586 2058 1783 2110 habere

87 2149 199 2184 non
236 2134 430 2200 potest.

231 2202 368 2255 Sunt
413 2201 737 2270 pronomina
782 2201 846 2253 de
893 2200 1084 2269 quibus
1121 2199 1411 2268 ambigitur
1447 2201 1625 2250 utrum
1662 2214 1782 2265 pro-

90 2272 310 2324 nomina
357 2289 427 2323 an
474 2271 724 2324 aduerbia
759 2270 1004 2337 intellegi
1042 2270 1270 2322 debeant
1307 2272 1367 2321 ut
1403 2277 1572 2321 eccum
1608 2268 1778 2320 ellum.
1803 2281 1845 2314 30

91 2345 218 2394 sunt
255 2342 574 2409 pronomina
620 2341 813 2410 quibus
852 2341 1138 2392 declinatio
1178 2339 1482 2391 affectatiua
1517 2337 1603 2389 uel
1642 2354 1783 2389 com-

95 2413 359 2463 mutatiua
396 2413 649 2464 asseritur
686 2413 746 2462 ut
783 2412 933 2463 cuius
958 2411 1044 2463 cui
1067 2411 1198 2463 euio.
1258 2409 1365 2460 scio
1404 2411 1458 2460 et
1495 2409 1615 2460 cuia
1641 2409 1785 2460 cuiae

95 2484 147 2534 et
184 2483 360 2535 cuium
398 2483 498 2535 cui.
561 2481 651 2533 sed
690 2481 821 2532 haec
860 2480 1147 2532 declinatio
1179 2497 1291 2531 non
1318 2479 1385 2530 ad
1411 2478 1785 2530 auctoritatem

205 2683 233 2721 4
265 2677 479 2720 ortantur
507 2676 563 2720 N
587 2677 603 2732 ΙΙ
634 2682 659 2719 5
689 2675 872 2731 promte
905 2677 955 2720 N
983 2676 998 2731 ΙΙ
1019 2679 1045 2718 6
1075 2674 1299 2718 habet-‚um
1328 2673 1385 2718 N
1399 2674 1414 2729 ΙΙ
1440 2678 1490 2716 10
1519 2672 1658 2729 negio
1689 2672 1740 2716 N

96 2738 146 2778 11
169 2733 368 2790 pylague
401 2732 457 2776 N
471 2733 486 2787 ΙΙ
512 2737 562 2775 12
583 2731 707 2776 110110
729 2731 792 2784 N,
825 2731 1002 2775 multae
1034 2731 1139 2774 Mai
1159 2731 1175 2786 ΙΙ
1201 2735 1251 2774 15
1315 2729 1672 2774 ronominalium
1695 2729 1745 2773 N

96 2794 147 2833 19
178 2803 272 2833 11011
303 2789 395 2833 3110
426 2788 544 2832 1111111
573 2788 631 2832 N
653 2800 765 2834 corr.
797 2787 904 2831 Mai
933 2788 1023 2843 1122
1053 2787 1236 2831 troeani
1266 2745 1316 2830 N
1345 2799 1458 2830 corr.
1489 2785 1596 2830 Mai
1616 2785 1631 2841 ΙΙ
1653 2790 1708 2829 24
1738 2787 1786 2829 et

95 2846 155 2889 ad
186 2845 242 2890 N
256 2847 272 2902 ΙΙ
294 2851 344 2890 31
377 2844 721 2890 commutatitia
747 2843 812 2888 N.
