1980 3134
209 83 307 135 126
588 81 843 127 VIRGILII
871 80 1146 126 MARONIS
1176 81 1519 127 EPISTOLAE.

202 208 496 261 refferenda
542 211 639 262 est.
705 211 788 260 est
833 208 992 259 etiam
1030 225 1325 276 pronomen
1363 209 1652 261 secundum
1689 211 1892 262 utrum·

203 296 306 347 que
343 297 622 331 numerum
660 296 755 347 per
793 280 1046 345 quattuor
1095 294 1273 331 cassus
1313 278 1712 347 declinandum,
1762 280 1891 332 duos

202 349 407 401 scilicet
442 348 807 401 nominatiuos
846 365 1021 400 cassus
1069 351 1123 400 et
1159 349 1487 417 singularem
1525 351 1579 401 et
1614 349 1888 417 pluralem,

203 417 335 471 duos
361 437 527 487 aeque
554 418 884 470 accusatiuos
911 420 971 469 ut
988 422 1197 471 nostras
1216 422 1487 487 nostrates,
1514 420 1662 472 cuias
1679 421 1890 473 eaiates.

157 506 178 538 5
203 489 294 540 sed
333 492 392 540 ut
427 490 556 541 haec
596 489 779 540 eadem
815 488 1024 540 ueracia
1061 505 1175 540 esse
1222 488 1474 557 exemplis
1519 489 1890 558 adprobemuS,

199 557 501 610 Donatus
539 559 595 610 in
634 557 864 626 quodam
902 558 1136 610 carmine
1173 560 1250 610 ita
1285 559 1568 627 conposuit
1604 559 1809 612 dicens:

678 652 887 701 nostras
924 650 1092 701 omnis
1124 649 1365 715 familia,

676 722 932 772 nostrates
969 735 1169 785 qaoque
1194 736 1389 787 peoora

680 790 913 841 euadant
947 790 1264 842 inminentia

137 882 178 913 ιο
678 859 943 911 hostilium
975 860 1229 926 pericula.

201 948 544 1001 Gabritius
603 967 809 1018 quoque
859 953 1115 1002 nostrates
1167 949 1353 1018 inquid
1409 950 1633 1004 salutate
1671 951 1885 1020 fratreS,

198 1020 326 1086 qnia
372 1023 419 1072 et
465 1023 720 1072 nostrates
766 1036 860 1072 uos
903 1020 1135 1086 undique
1178 1021 1431 1073 salutant.
1504 1019 1746 1072 Terren
1761 1021 1890 1074 tius

199 1106 407 1157 quoque
455 1091 512 1140 in
564 1092 754 1158 quarto
794 1089 1203 1157 dispositionum
1240 1090 1712 1158 grammaticarum
1751 1091 1888 1144 libro

197 1159 304 1211 tale
363 1158 697 1227 prohemium
755 1160 944 1211 edidit:
1002 1161 1150 1212 enias
1201 1176 1328 1228 qens
1381 1164 1429 1213 et
1474 1162 1667 1214 eniates
1703 1161 1891 1228 populi

133 1244 172 1276 15
196 1230 379 1282 litteris
425 1233 534 1282 tarn
570 1233 812 1297 prompte
857 1230 1016 1282 dediti
1061 1233 1185 1282 sant
1227 1247 1388 1297 quarn
1436 1230 1619 1294 Tasci,
1668 1246 1890 1297 quornm

194 1303 396 1352 natura
430 1299 602 1365 fertur
638 1300 704 1352 ab
742 1299 1008 1366 infantiae
1045 1301 1207 1353 annis
1241 1302 1534 1367 sapientiae
1566 1302 1768 1354 studere
1791 1301 1888 1354 soli

196 1374 243 1422 et
276 1369 415 1422 nihil
452 1370 604 1423 alind
639 1386 822 1422 amare
859 1387 1020 1436 quarn
1051 1386 1254 1437 ‚semper
1282 1370 1692 1439 philosophare?

338 1438 475 1492 Sunt
526 1440 845 1508 pronomina
899 1457 1034 1508 quae
1089 1446 1340 1508 prompta
1395 1444 1449 1493 et
1503 1442 1721 1509 cognita
1776 1458 1890 1493 esse

195 1509 472 1576 uidentur,
530 1509 622 1562 sed
675 1510 734 1562 in
788 1509 906 1562 aliis
963 1510 1196 1562 cassibus
1252 1511 1474 1563 deficere
1523 1513 1783 1579 putantur
1828 1513 1890 1562 ut

130 1596 172 1627 20
194 1580 357 1645 solim,
409 1583 567 1645 totas,
616 1581 748 1633 alter
785 1580 1015 1634 alterius.
1080 1579 1172 1632 sed
1219 1581 1264 1632 si
1312 1582 1432 1649 quis
1478 1598 1591 1633 sese
1639 1580 1888 1633 omnibus

195 1649 477 1702 latinitatis
516 1650 834 1702 lectionibus
873 1651 1144 1717 intendat,
1185 1651 1464 1704 manifeste
1501 1651 1742 1703 inueniet
1779 1668 1888 1703 om-

194 1737 288 1771 nes
338 1737 516 1772 cassus
565 1720 755 1772 horum
801 1720 1181 1789 pronominum
1218 1721 1321 1773 rite
1358 1721 1616 1774 declinari
1653 1723 1714 1774 ut
1747 1721 1890 1775 solus

193 1790 354 1842 solius
388 1791 486 1843 soli
522 1791 688 1844 solam
725 1808 761 1843 a
796 1791 925 1855 sole,
967 1794 1021 1843 et
1056 1790 1335 1859 pluraliter
1369 1793 1467 1845 soli
1501 1791 1731 1845 solorum
1766 1791 1889 1844 solis

193 1860 325 1912 solos
375 1878 409 1912 a
456 1861 592 1913 solis,
654 1878 974 1929 quamquam
1026 1861 1278 1913 nonnulli
1325 1863 1634 1931 genetiuum
1682 1878 1887 1913 cassum

129 1946 170 1978 25
192 1929 413 1997 pluralis
459 1930 668 1982 numeri
718 1931 776 1982 in
823 1930 1233 1998 pronominibus
1279 1950 1392 1984 non
1445 1931 1711 1999 recipiant
1756 1931 1882 1984 solo-

192 2016 313 2052 rum
368 2003 592 2052 totorum
647 2001 957 2066 alterorum,
1015 1998 1381 2054 uerumtamen
1431 2003 1609 2071 legere
1658 2019 1741 2052 me
1788 2018 1887 2053 nec
1961 2051 1967 2057 .

194 2087 312 2121 raro
350 2087 450 2121 nec
486 2070 543 2121 in
581 2070 798 2122 incertis
837 2070 1139 2122 auctoribus
1177 2072 1396 2123 memini
1441 2072 1536 2124 bos
1573 2088 1724 2123 casus
1760 2070 1885 2122 trite

309 2200 346 2239 1.
377 2195 470 2238 Ars
499 2208 575 2242 an.
607 2195 749 2241 Rern.
773 2207 824 2250 p.
852 2197 957 2247 136,
991 2198 1071 2240 13.-
1111 2196 1231 2239 Item
1261 2195 1487 2251 Virgilius
1526 2196 1583 2239 de
1618 2196 1690 2238 his
1717 2208 1884 2251 prono-

193 2250 396 2293 minibus
433 2250 570 2294 dixit:
612 2252 720 2295 sunt
747 2251 1026 2307 pronomina
1055 2251 1310 2295 secundum
1341 2253 1591 2307 utrumque
1621 2265 1882 2305 numerum,

193 2319 312 2361 quae
334 2319 420 2361 per
439 2308 661 2362 quattuor
683 2320 815 2351 casus
839 2307 1155 2362 declinantur,
1187 2308 1239 2351 ut
1269 2308 1395 2352 cuias
1418 2308 1584 2351 cuiatis
1606 2308 1655 2351 et
1673 2307 1883 2351 nomina-

192 2362 291 2405 tivo
322 2362 498 2418 plurali
528 2362 703 2407 cuiates
734 2364 783 2406 et
809 2362 982 2406 cuiatia
1011 2364 1059 2406 et
1087 2363 1352 2408 accusativo
1381 2364 1555 2420 plurali
1591 2363 1787 2411 cuiates;
1820 2363 1885 2406 sic

195 2418 338 2460 etiam
357 2419 539 2462 nostras
558 2419 778 2463 nostratis
801 2421 849 2462 et
868 2421 1100 2463 nostrates
1130 2421 1374 2464 nostrates.
1465 2425 1501 2464 7.
1524 2420 1595 2465 lb.
1610 2433 1661 2474 p.
1684 2422 1780 2468 136,
1804 2422 1886 2463 18.-

192 2475 374 2517 nostras
405 2507 415 2518 .
446 2510 456 2521 .
488 2509 497 2518 .
530 2475 733 2519 evadent
763 2475 967 2518 ostilium
1004 2509 1014 2519 .
1048 2508 1059 2519 .
1090 2508 1100 2518 .
1132 2474 1353 2520 Garrinus
1384 2489 1571 2532 quoque
1602 2475 1884 2532 gramaticus

191 2529 307 2572 incit
335 2531 570 2574 nostrates
600 2530 802 2575 salutate
835 2569 844 2577 .
881 2568 890 2578 .
920 2545 1003 2575 vos
1035 2532 1243 2576 salutant
1273 2532 1442 2575 tertius
1474 2566 1481 2574 .
1516 2567 1525 2576 .
1559 2533 1631 2575 cui
1665 2544 1807 2588 agens
1839 2566 1881 2576 ..

194 2598 300 2682 qtmd
323 2588 560 2684 prumptei1
565 2642 595 2685 l
619 2625 627 2633 .
663 2586 952 2699 abhiilafaptia
981 2601 1128 2698 usellue
1170 2587 1230 2630 ad
1269 2588 1489 2631 canitiam
1528 2587 1756 2642 sapientie
1797 2586 1883 2630 soli

193 2655 267 2683 su
304 2654 380 2684 ere
414 2679 422 2688 .
456 2674 465 2684 .
496 2657 526 2697 p
562 2655 709 2699 iosop
746 2656 818 2687 ae
868 2655 980 2686 corr.
1012 2657 1109 2687 ai.

306 2757 330 2795 3
360 2754 675 2797 nominativus
705 2753 762 2798 N
783 2755 846 2810 114
879 2754 1008 2798 cuius
1039 2755 1095 2799 N
1109 2756 1125 2812 ΙΙ
1147 2761 1172 2800 5
1204 2755 1387 2799 veratia
1416 2755 1473 2799 N
1487 2756 1502 2811 ΙΙ
1525 2759 1549 2799 9
1581 2753 1752 2798 cadant
1783 2752 1839 2797 N
1857 2754 1874 2809 Η

194 2812 244 2850 12
277 2807 390 2862 quid
419 2808 504 2864 ΝΙΙ
525 2822 608 2853 nos
636 2810 797 2866 N1122
829 2810 915 2854 site
946 2810 1010 2854 N.
