1980 3134
170 103 268 156 128
563 101 811 146 VIRGILH
838 100 1109 146 MARONIS
1139 100 1486 148 EPISTOLAE.

167 228 357 282 Troiae
406 229 714 282 bellatorem
763 228 987 280 laudans
1020 227 1150 294 felix
1186 228 1362 296 inquit
1398 229 1484 282 ille
1520 228 1729 283 Aeneas
1767 232 1857 297 qui

166 301 328 353 decies
367 301 533 352 uictor
571 299 737 351 Troia
768 299 910 366 fuyit
950 299 1163 351 incensa
1199 303 1353 365 atque
1389 300 1449 351 iii
1487 298 1709 353 Indiam
1737 317 1857 368 per·

163 386 289 438 ‚qens
332 371 563 436 quinque
601 369 860 421 continuis
888 369 1158 435 proelians
1202 370 1362 421 annis
1407 370 1577 422 uitam
1621 370 1858 423 bellando

163 440 381 505 feliciter
427 440 618 507 finiuit.
678 439 735 490 in
781 437 975 490 malam
1023 439 1182 490 etiam
1228 443 1435 506 partem
1473 438 1615 507 quod
1653 440 1740 492 ille
1776 457 1859 492 ac-

122 523 143 557 5
168 509 420 578 cipiatur‚
478 508 818 560 manifestum
875 510 956 560 est
1011 525 1075 560 ex
1122 508 1253 576 ipsis
1301 507 1527 561 Iseeni
1586 509 1859 562 cuiusdam

168 579 427 631 Affricani
465 578 822 642 sermonibuS‚
865 578 1052 646 quibus
1090 579 1363 646 uituperat
1389 578 1662 631 Donatum
1701 597 1860 647 quen-

167 649 288 701 dam
337 667 555 701 auarum
612 649 815 700 uirum:
871 650 1001 715 quid
1039 649 1202 715 faciet
1246 649 1433 716 inquid
1479 650 1565 702 ille
1613 648 1861 703 Donatus

168 735 373 774 auarus
407 720 466 771 in
482 720 742 786 propriiS,
782 720 1001 786 cupidus
1023 720 1083 771 in
1109 719 1323 785 alieniS,
1356 719 1452 785 fur
1476 719 1687 772 moram?
1720 719 1859 788 huic,

168 789 303 859 quod
326 788 679 856 subostendit,
705 788 830 841 licet
855 789 959 840 alio
980 788 1188 855 itinere,
1214 788 1460 841 uolumus
1483 789 1700 841 edocere
1719 789 1860 842 inter

104 876 145 909 10
169 861 414 928 cupidum
454 862 507 911 et
543 876 775 912 auarum
812 859 938 927 quid
975 859 1210 927 intersit;
1258 861 1477 925 cupidus
1512 877 1742 927 namque
1782 862 1862 912 est

169 931 259 998 qui
297 930 444 997 cupit
481 947 689 997 semper
725 946 944 998 augere;
983 945 1188 983 auarus
1217 932 1392 980 autem
1419 929 1510 997 qui
1536 933 1861 999 congregata

166 1003 441 1052 retentans
489 999 625 1051 nulli
674 999 917 1066 largitur.
989 1001 1082 1052 iste
1134 1000 1510 1067 cuiuscumque
1563 1000 1860 1052 communis

167 1087 228 1123 ae
264 1070 467 1122 uilioris
505 1069 632 1121 licet
668 1070 895 1121 habetur
932 1087 1207 1137 personae.

310 1139 389 1191 De
428 1139 667 1191 articulis
706 1142 882 1191 autem
918 1139 1303 1191 nonnullorum
1342 1138 1551 1190 diuersa
1589 1139 1875 1192 sententias>

105 1224 145 1256 1⁵
167 1213 271 1278 est3
308 1210 529 1262 tradunt
566 1210 708 1261 enim
745 1210 959 1278 quidam
999 1209 1067 1262 ob
1104 1208 1158 1260 id
1195 1212 1288 1260 aut
1313 1209 1595 1261 articulata
1619 1210 1859 1278 iudicari,

166 1281 290 1350 quia
335 1297 457 1334 oum
493 1280 624 1347 ipsis
661 1279 970 1332 nominibus
1008 1297 1117 1331 una
1153 1278 1442 1331 flectuntur
1478 1282 1538 1330 ut
1574 1280 1657 1332 hic
1692 1280 1857 1347 homO,

165 1352 323 1406 huius
369 1351 611 1430 hominis,
675 1350 817 1417 quod
867 1350 912 1401 si
949 1351 1027 1402 ita
1065 1352 1169 1417 est,
1220 1349 1425 1416 eligant
1461 1352 1643 1401 utrum
1680 1350 1862 1402 omnia

166 1420 488 1490 pronomina
525 1419 750 1472 articula
788 1424 1009 1487 nocent,
1049 1420 1172 1488 quia
1196 1419 1255 1471 in
1281 1419 1638 1472 declinatione
1667 1423 1859 1473 cuncta

167 1491 477 1544 nominibus
514 1489 644 1558 ipsis
683 1490 937 1542 adherere
975 1491 1226 1558 possunt,
1280 1508 1349 1540 an
1387 1507 1515 1542 uero
1552 1490 1759 1542 nullum
1797 1508 1861 1543 ex

102 1575 145 1607 20
168 1561 401 1614 articulis
441 1562 661 1628 excepto
698 1560 781 1613 hic
827 1561 886 1612 in
932 1560 1215 1613 articulum
1252 1560 1566 1627 recipiatur,
1616 1560 1739 1629 quia
1777 1578 1859 1613 ce-

166 1636 282 1684 tera
317 1633 543 1700 possunt
578 1631 823 1682 semotim
861 1630 1141 1698 declinari,
1182 1630 1496 1698 praesertim
1535 1648 1654 1683 cum
1693 1634 1746 1682 et
1781 1631 1863 1683 hic

167 1701 452 1770 separatim
502 1718 626 1768 sepe
672 1700 1046 1755 auscultemus.
1109 1701 1213 1753 ista
1251 1703 1376 1753 sunt
1412 1701 1495 1753 hic
1529 1702 1579 1754 is
1615 1702 1733 1768 quis
1770 1703 1862 1770 qui

166 1776 224 1825 tu
269 1788 346 1840 se,
392 1771 518 1823 licet
565 1789 619 1823 se
666 1771 1062 1823 nominatiuum
1108 1788 1316 1823 cassum
1364 1773 1555 1826 careat
1621 1771 1761 1822 unde
1809 1774 1862 1823 et

167 1841 299 1893 mihi
338 1841 515 1893 uerius
553 1841 787 1900 uidetur,
840 1842 978 1909 quod
1017 1841 1191 1894 nostri
1225 1839 1503 1908 adserunt,
1542 1858 1699 1893 omne
1737 1859 1856 1909 pro-

101 1926 146 1960 25
169 1929 366 1964 nomen
387 1911 753 1979 monosyllabe
773 1911 1055 1964 articulum
1076 1911 1196 1974 diei,
1221 1910 1360 1978 quod
1381 1912 1610 1963 maxime
1630 1910 1859 1964 Cicero

169 1982 478 2033 adsentitur.
517 1981 801 2032 articulum
828 1982 1110 2034 manifeste
1138 1981 1514 2033 diminutiuum
1542 1984 1621 2033 est
1648 1981 1857 2049 deante,

166 2051 308 2104 unde
356 2055 409 2103 et
454 2050 634 2102 multis
681 2051 894 2102 uidetur
938 2054 1066 2103 tune
1117 2051 1400 2103 articulum
1458 2051 1588 2119 diei,
1648 2052 1859 2119 quando

168 2121 535 2190 monosyllabe
572 2120 737 2172 fuerit
772 2123 832 2172 ut
868 2122 951 2174 hic
989 2122 1106 2188 quis
1140 2122 1212 2185 is,
1263 2123 1317 2171 et
1353 2120 1454 2173 hoo
1492 2120 1696 2191 figurae
1735 2122 1860 2173 sim-

167 2192 348 2260 plicis3
398 2209 519 2243 cum
555 2194 733 2243 autem
771 2192 1126 2259 compositum
1163 2191 1351 2257 fuerit,
1392 2191 1761 2259 (pronomen)
1801 2195 1860 2244 ut

102 2277 145 2310 30
168 2263 410 2329 quisque,
447 2262 609 2329 idem,
648 2262 798 2314 hicce.
855 2261 985 2313 haec
1023 2262 1085 2313 de
1124 2260 1378 2313 articulis

311 2332 413 2383 Pro
451 2332 626 2384 dolor!
677 2349 804 2384 sane
843 2335 896 2383 et
933 2332 1080 2384 omni
1117 2331 1459 2383 miseratione
1499 2331 1723 2400 dignum
1762 2334 1858 2397 est,

169 2402 307 2470 quod
331 2401 487 2453 multi
512 2400 643 2453 haec
670 2402 892 2454 articula
912 2401 1200 2454 secundum
1222 2400 1459 2453 ordinem
1483 2405 1856 2470 corruperunt:

169 2489 294 2523 nam
332 2489 467 2540 quae
506 2472 847 2524 subiunctiua
884 2490 995 2524 esse
1033 2472 1358 2540 debuerunt,
1396 2473 1757 2540 praepositiua
1782 2471 1860 2523 fe-

284 2643 306 2681 1
337 2640 498 2682 troeae
530 2638 587 2682 N
601 2640 616 2694 11
639 2644 662 2682 2
695 2640 796 2696 qui]
832 2639 945 2695 quin
974 2639 1028 2684 N
1045 2639 1093 2695 ΙΙ
1081 2653 1322 2684 mcensace
1346 2638 1401 2683 N
1416 2640 1431 2695 ΙΙ
1453 2645 1478 2684 3
1501 2637 1742 2683 contenuis
1762 2638 1818 2682 N
1834 2639 1855 2695 ΙΙ

169 2725 195 2764 6
217 2721 490 2765 donativum
510 2722 565 2765 N
581 2722 597 2777 ΙΙ
622 2727 672 2765 12
705 2723 957 2767 commonis
979 2722 1030 2767 N
1050 2725 1065 2778 ss
1089 2728 1142 2767 14
1171 2723 1386 2767 anticulis
1406 2723 1462 2767 N
1476 2723 1492 2778 11
1517 2727 1567 2766 15
1587 2704 1741 2775 iudeii
1760 2722 1853 2775 ΝΙ
1834 2723 1853 2778 ΙΙ

173 2781 225 2821 18
255 2778 528 2832 pronomine
560 2778 618 2822 N
632 2779 647 2834 ΙΙ
670 2784 722 2822 22
753 2779 1007 2824 scultemus
1037 2779 1093 2823 N
1109 2781 1123 2835 ΙΙ
1146 2785 1200 2823 25
1230 2792 1368 2823 mono
1392 2777 1675 2833 dissyllabae
1698 2778 1754 2822 N
1768 2780 1783 2833 ΙΙ
1806 2783 1859 2822 29

170 2833 482 2890 cumpositum
511 2833 567 2878 N
582 2835 598 2890 ΙΙ
618 2848 878 2891 pronomen
907 2836 1017 2883 add.
1047 2836 1166 2879 Mai.
