1980 3134
663 133 739 178 VI.
787 133 867 178 DE
900 133 1369 186 CONIUNCTIONE.
1760 142 1857 192 171

165 258 349 311 tiuae?
400 276 518 312 eum
563 260 689 312 dum
725 277 853 314 nam
899 278 1129 329 namque
1183 264 1313 330 quia
1371 265 1619 331 quoniam
1674 267 1858 318 etenim

166 331 306 382 enim
344 332 398 381 et
436 332 628 382 cetera.

305 398 611 452 Mirandum
665 402 867 467 autem,
925 401 1087 453 immo
1143 402 1441 455 deflendum
1499 407 1581 457 est
1634 407 1855 473 totoque

163 469 456 539 lugendum
503 469 719 536 affectu,
767 471 908 539 quod
962 489 1080 524 cum
1118 475 1322 525 ceterae
1359 473 1617 527 orationis
1654 479 1852 542 parteS,

162 544 277 592 tum
331 540 562 593 maxime
615 541 1018 594 coniunctiones
1074 542 1329 595 confusae
1385 547 1438 596 et
1485 544 1853 597 circumiectae
1896 558 1917 591 5

162 611 297 677 sint,
337 611 395 662 in
429 613 643 662 tantum
681 612 811 679 <ut>
848 612 989 664 inter
1028 613 1264 665 causales
1304 616 1357 665 et
1392 614 1680 666 rationales
1706 614 1858 667 nulla

161 698 300 752 pene
347 680 605 733 distantia
651 681 733 733 sit.
805 680 1068 734 Donato
1115 701 1232 735 meo
1281 701 1523 752 parcam,
1574 685 1666 753 qui
1717 684 1856 737 hanc

163 751 421 803 orationis
469 754 676 819 partem
724 752 950 803 maxime
1000 753 1310 817 confundit,
1364 755 1504 822 quod
1540 754 1709 807 frater
1746 755 1856 807 eius

162 820 305 873 Don
360 821 654 873 rectissime
701 821 1070 890 reprehendit,
1130 825 1221 891 qui
1270 825 1565 876 rectissime
1613 825 1855 878 iterauit:

161 895 288 943 sunt
343 892 744 944 coniunctiones
799 892 1102 956 iteratiuae,
1169 911 1303 961 quae
1360 895 1586 947 eundem
1641 912 1856 947 sensum
1879 909 1920 939 10

163 962 490 1029 eandemque
536 962 854 1014 sententiam
893 963 1114 1031 iterant3
1173 981 1310 1031 quae
1347 967 1502 1016 sunt:
1552 966 1675 1018 item
1711 966 1855 1017 item-

160 1048 259 1100 que
304 1033 485 1085 itidem
520 1033 816 1086 idemtidem
853 1034 1160 1086 tantundem
1195 1050 1411 1087 rursum
1447 1035 1615 1087 denuo
1652 1036 1856 1088 iterum.

160 1105 288 1155 sunt
324 1106 507 1154 tamen
544 1102 686 1170 apud
728 1102 907 1155 Affros
953 1103 1259 1171 scriptoreS,
1310 1106 1399 1172 qui
1438 1103 1569 1157 haec
1606 1105 1856 1157 aduerbia

160 1173 340 1241 potius
378 1172 666 1224 adfirmant
703 1191 818 1225 esse
854 1174 1098 1225 iterandi.

304 1242 555 1297 Causales
581 1246 758 1296 autem
785 1244 1189 1296 coniunctiones
1217 1247 1343 1296 sunt
1369 1261 1504 1312 quae
1529 1244 1853 1296 retractandi
1877 1255 1918 1287 15

161 1316 215 1367 et
252 1313 643 1382 quodammodo
682 1314 989 1366 destruendi
1025 1314 1349 1366 sententiam
1385 1313 1589 1366 habent
1622 1332 1854 1380 causam3

161 1402 296 1453 quae
335 1385 483 1436 sunt:
533 1385 582 1437 si
616 1385 724 1437 nisi
759 1385 1044 1437 nisitamen
1079 1402 1265 1437 uerum
1300 1385 1543 1437 saltimne
1578 1386 1668 1437 sed
1702 1385 1858 1438 donee

160 1471 422 1522 usquequo
448 1455 785 1521 quoadusque
808 1459 1097 1521 usquedum
1124 1455 1375 1522 quatinus
1399 1456 1657 1521 quamdiu
1676 1471 1856 1521 quam·

160 1527 246 1579 uis
282 1542 610 1592 quamquam
647 1525 929 1592 quamlibet
957 1526 1214 1592 siquidem
1240 1528 1294 1577 et
1319 1527 1504 1577 cetera.
1566 1525 1856 1577 rationales

162 1599 342 1648 autem
399 1598 549 1647 sunt·
584 1613 718 1663 quae
775 1613 839 1647 ex
888 1595 1230 1663 praecidente
1278 1595 1546 1647 sententia
1591 1595 1855 1647 rationem
1878 1607 1920 1638 20

160 1666 433 1735 sequentis
468 1667 774 1734 requirunt3
816 1683 951 1733 quae
990 1669 1141 1718 sunt:
1180 1682 1298 1732 erqo
1322 1666 1435 1718 ideo
1460 1666 1652 1718 ideireo
1678 1666 1857 1731 itaque

150 1740 432 1804 propterea
477 1738 619 1804 epita
666 1737 832 1804 iyitur
868 1752 1007 1789 ceros
1043 1737 1379 1803 quamobrem
1408 1737 1632 1802 proinde
1659 1736 1856 1802 prohoe

160 1811 479 1875 quapropter
505 1807 864 1874 propterquod
900 1809 953 1858 et
979 1811 1170 1858 cetera.
1236 1809 1362 1858 sunt
1398 1805 1559 1858 etiam
1597 1804 1857 1873 quaedam

162 1877 567 1930 coniunctiones
594 1877 1009 1944 adsimilatiuae3
1050 1876 1301 1928 dicuntur
1333 1893 1395 1928 eo
1432 1875 1575 1943 quod
1611 1893 1642 1927 a
1677 1875 1855 1927 uerbis

161 1947 526 2000 similitudinis
551 1949 905 2016 respondent,
943 1950 1004 1999 ut
1027 1948 1102 1999 sie
1131 1949 1210 1999 ita
1241 1947 1474 2014 perinde.
1532 1948 1658 1997 sunt
1696 1945 1855 1997 etiam
1878 1954 1919 1986 25

117 2018 476 2087 *participem
541 2036 675 2087 quae
730 2020 783 2070 et
838 2017 1088 2070 aduerbia
1142 2019 1195 2069 et
1251 2017 1656 2069 coniunctiones
1716 2032 1855 2067 com-

161 2088 313 2141 muni
349 2089 505 2141 modo
543 2089 816 2156 dicuntur,
855 2090 916 2140 ut
942 2088 1210 2155 paulatim
1235 2088 1414 2153 utique
1438 2087 1597 2139 etiam
1620 2086 1856 2152 equidem

159 2161 361 2212 interea
389 2163 684 2227 praeterea.
747 2158 970 2211 dicimus
1009 2157 1151 2210 enim
1187 2159 1386 2210 interea
1424 2156 1855 2208 coniunctionem

159 2230 482 2282 rationalem
518 2248 616 2299 pro
654 2246 788 2296 erqo.
852 2228 1077 2281 dicimus
1115 2227 1273 2279 etiam
1310 2228 1509 2279 interea
1547 2224 1854 2277 aduerbium

161 2301 418 2369 temporis
463 2318 560 2370 pro
608 2305 746 2353 tune.
822 2299 1044 2351 dicimus
1093 2298 1253 2349 etiam
1299 2297 1403 2349 loci
1449 2295 1758 2348 aduerbium
1797 2298 1856 2347 ut
1879 2303 1919 2334 30

161 2371 270 2426 ubi.
324 2373 453 2424 tunc
491 2371 651 2423 etiam
688 2371 805 2438 ipso
844 2369 1094 2421 dictionis
1132 2367 1402 2419 breuiatur
1434 2368 1672 2418 accentu.
1730 2367 1856 2416 sunt

161 2442 324 2493 etiam
364 2441 770 2494 coniunctiones
807 2439 1156 2502 reuelatiuae,
1198 2454 1331 2504 quae
1358 2454 1571 2488 sensum
1596 2435 1852 2500 reuelant,

162 2515 222 2563 ut
258 2512 448 2565 seilicet
483 2512 721 2564 uidelicet
755 2510 927 2563 illicet.

276 2684 304 2721 4
325 2678 558 2722 orationes
577 2678 634 2721 N
649 2679 664 2733 ss
687 2681 712 2719 6
734 2678 785 2720 ut
805 2676 916 2720 add.
934 2675 1040 2719 Mai
1061 2675 1076 2730 ΙΙ
1098 2679 1123 2719 8
1146 2677 1262 2729 quot
1280 2674 1336 2718 N
1351 2675 1366 2729 ΙΙ
1389 2679 1413 2718 9
1435 2674 1546 2728 quia
1564 2672 1621 2716 N
1636 2673 1652 2728 ΙΙ
1676 2676 1727 2716 10
1749 2684 1854 2715 con-

161 2734 480 2778 iunctionisN
493 2735 509 2790 ΙΙ
535 2740 586 2778 13
603 2734 729 2776 inter
737 2732 872 2776 Afros
881 2733 999 2777 coni.
1010 2731 1250 2796 Maiznam
1260 2735 1364 2786 post
1378 2730 1500 2773 inter
1508 2729 1709 2785 spatium
1727 2728 1855 2772 estin

164 2819 316 2863 codice
337 2820 353 2874 n
375 2831 495 2874 quae
517 2818 605 2884 Nu
631 2821 680 2860 16
711 2816 856 2860 habet
874 2816 1036 2880 Num
1059 2798 1254 2881 qualibet
1279 2813 1335 2857 N
1358 2813 1373 2877 ι]
1404 2818 1458 2856 24
1487 2810 1853 2910 coniunctioneffi

160 2888 284 2930 quae
303 2874 531 2919 addMai
547 2875 560 2931 Η
577 2871 1170 2929 26partesN‚par1te1-Maz
1192 2871 1207 2926 ΙΙ
1230 2875 1282 2914 29
1299 2883 1424 2913 emm
1435 2868 1491 2913 N
1497 2869 1511 2925 ΙΙ
1528 2875 1578 2914 31
1592 2870 1783 2912 accento
1845 2900 1854 2911 .
