1980 3134
151 80 249 132 116
524 78 782 123 VIRGILII
810 78 1087 123 MARONIS
1118 78 1462 127 EPISTOLAE.

146 205 464 274 imperatiuo
521 206 679 258 modo
736 208 976 274 tempore
1031 205 1210 258 futuro
1240 208 1375 275 est,
1433 206 1582 258 cuius
1634 206 1837 275 syllaba

148 277 296 344 prior
332 276 449 328 acui
488 275 659 327 debet.
724 275 769 326 si
807 292 934 327 uero
973 275 1278 328 aduerbium
1307 276 1470 328 fuerit
1495 281 1623 343 esto,
1663 277 1835 344 prima

148 346 352 415 syllaba
383 349 626 414 correpta
657 345 917 413 posterior
950 346 1249 415 necessario
1278 349 1512 398 acuetur.
1554 350 1633 398 est
1658 350 1837 399 autem

146 434 331 468 sensus
369 416 522 467 huius
561 415 800 467 aduerbii
839 419 938 468 esto
977 414 1078 467 hoc
1116 420 1196 468 eslz
1229 421 1359 469 recte
1390 416 1678 468 secundum
1705 416 1837 468 illud

101 505 122 537 5
149 486 486 554 Galbungi
542 489 642 538 esto
697 485 875 553 inquit
930 487 1148 551 uiuunt,
1206 488 1334 552 quia
1379 487 1566 539 mwndi
1607 487 1836 551 flaccida

146 557 506 609 luxoriann'na
561 558 948 622 contempnunt,
1008 554 1110 607 hoc
1165 558 1246 608 est
1302 560 1432 609 recte
1475 557 1682 608 uiuunt.
1757 560 1838 609 est

146 627 308 678 etiam
333 629 458 689 estO,
500 625 643 694 quod
679 643 775 693 pro
806 625 1038 690 forsitan
1076 626 1246 694 accipi
1281 626 1440 678 solet:
1470 643 1574 693 pro
1612 626 1837 679 aetherio

144 697 362 750 iuuante
387 699 487 748 esto
515 695 752 748 Romani
775 697 983 749 uincere
997 699 1204 762 postero
1228 697 1446 749 ualeant
1470 700 1706 764 tempore,
1735 695 1836 748 hoc

145 769 227 819 esis
262 772 363 820 esto
399 783 495 833 pro
529 766 758 832 forsitan
794 767 986 834 posuit.
1041 782 1142 818 sua
1165 782 1268 819 sua
1291 783 1390 819 sua
1415 783 1612 818 nomen
1640 770 1693 818 et
1717 783 1838 834 pro·

81 856 122 888 10
145 854 340 889 nomen
381 839 434 888 et
469 836 705 888 uerbum.
773 853 972 888 nomen
1008 852 1110 889 sua
1148 839 1228 888 est
1264 836 1581 888 femininum
1618 835 1720 888 hoc
1758 840 1838 888 est

144 908 350 975 domus,
389 906 445 957 in
473 924 574 974 qua
600 905 869 958 scolastici
894 906 996 956 uiri
1023 923 1119 957 sua
1145 909 1267 974 apte
1295 923 1354 957 ac
1380 906 1614 957 suauiter
1639 906 1837 973 scripta

143 977 231 1029 uel
280 978 421 1030 dicta
474 978 795 1043 conponunt.
871 978 952 1027 est
1010 977 1171 1027 etiam
1220 975 1442 1027 uerbum
1487 992 1587 1028 sua
1636 977 1839 1043 primae

146 1046 539 1117 coniugationis
588 1046 848 1111 actiuum‚
897 1045 999 1097 hoc
1049 1048 1129 1097 est
1174 1047 1336 1099 suade
1381 1045 1670 1097 secundum
1708 1044 1839 1097 illud

146 1116 492 1170 Ciceronis
538 1120 686 1170 suate
729 1116 903 1184 inquit
937 1117 1049 1168 uiri
1081 1115 1300 1183 fratreS‚
1337 1119 1397 1168 ut
1421 1117 1552 1182 paci
1587 1116 1695 1168 sint
1730 1115 1838 1168 Ro-

81 1203 122 1236 15
145 1204 350 1241 manae.
402 1187 487 1238 hic
515 1184 749 1239 Cicero
787 1186 1290 1237 inuentuosissimus
1318 1189 1399 1238 esf,
1426 1189 1484 1237 in
1521 1186 1668 1237 omni
1707 1188 1837 1251 arte,

144 1260 207 1309 ut
261 1258 319 1309 in
378 1257 717 1325 prouerbium
771 1256 982 1307 ueniret
1037 1259 1165 1323 aput
1227 1273 1409 1308 omnes
1468 1254 1839 1323 philosophiae

144 1330 414 1380 auctores:
462 1343 571 1379 non
617 1327 736 1392 leyit
773 1327 865 1392 qui
901 1342 1007 1379 non
1045 1326 1165 1393 Zeyit
1203 1326 1511 1379 Ciceronem.
1572 1342 1673 1379 sua
1710 1343 1837 1394 ergo

143 1397 474 1465 pronominis
514 1395 843 1449 circumflexe
881 1399 1101 1463 utraque
1127 1396 1302 1448 uocali
1327 1395 1613 1464 producta:
1653 1400 1709 1447 at
1745 1413 1839 1448 no-

143 1467 303 1519 minis
349 1484 446 1520 sua
492 1466 670 1518 breuis
719 1469 943 1534 utraque
989 1465 1162 1517 uocali
1209 1466 1326 1531 fiat,
1376 1466 1454 1518 ita
1500 1468 1558 1517 ut
1593 1466 1767 1518 media
1802 1483 1840 1519 u

80 1554 123 1585 20
145 1555 239 1605 per
266 1538 487 1589 duarum
515 1537 781 1589 uocalium
809 1535 1160 1604 synalypham
1187 1553 1295 1588 non
1320 1535 1475 1588 modo
1503 1535 1838 1603 corripiatur,

144 1625 329 1659 uerum
368 1607 528 1659 etiam
565 1624 701 1674 pene
740 1608 1096 1674 extinguatur.
1161 1606 1236 1658 sic
1275 1606 1338 1658 de
1373 1622 1467 1659 suo
1504 1606 1840 1658 sentiendum

146 1680 241 1729 est.
303 1677 394 1729 sed
432 1678 555 1745 quia
592 1694 710 1728 cum
748 1677 811 1728 de
837 1676 1085 1745 genetiuo
1112 1693 1263 1728 cassu
1291 1677 1464 1728 dicere
1492 1676 1838 1744 coeperimUS‚

144 1747 251 1799 alio
292 1765 448 1799 cursu
488 1749 539 1799 et
578 1746 729 1815 quasi
766 1747 822 1797 in
857 1747 1019 1798 aliam
1043 1746 1319 1815 regionem
1345 1749 1527 1798 noster
1552 1745 1640 1798 hic
1667 1763 1838 1798 sermo

144 1817 384 1883 deuenit,
424 1820 485 1868 ub
522 1821 615 1869 aut
649 1817 916 1868 sententia
941 1817 1261 1868 sententiam
1287 1816 1528 1885 inpedire
1555 1816 1838 1880 uideretur,

81 1902 123 1936 25
143 1886 339 1939 idcirco
368 1889 431 1938 de
458 1887 706 1956 genetiuo
733 1904 882 1938 cassu
907 1904 1043 1954 pene
1070 1887 1198 1938 satis
1225 1887 1295 1938 sit
1320 1887 1547 1954 dictum,
1584 1904 1651 1938 ne
1677 1887 1840 1956 longa

147 1956 308 2009 dictio
347 1958 554 2008 modum
598 1956 885 2008 uoluminis
925 1956 1146 2008 excidat.

287 2025 488 2079 Uerum
527 2026 590 2078 cle
629 2027 878 2095 genetiuo
915 2026 1110 2094 plurali
1146 2043 1316 2093 pauca
1353 2026 1605 2078 dicamus.
1667 2026 1840 2078 omnis

146 2113 326 2149 cassus
376 2097 659 2165 genetiuus
707 2097 761 2147 in
809 2098 922 2149 ium
970 2097 1286 2148 terminatus
1335 2096 1596 2164 syllabam
1643 2096 1839 2148 multas

147 2262 432 2317 (necessaria
461 2263 525 2319 B)
558 2289 611 2295 -—
644 2263 788 2307 etiam
819 2287 870 2294 —
901 2262 1067 2317 inquid
1097 2264 1250 2317 quunt
1298 2276 1340 2318 q3
1372 2264 1457 2306 uni,
1486 2262 1549 2316 B)
1583 2264 1631 2306 et
1659 2263 1842 2319 reliqua

145 2317 234 2361 hoc
272 2320 342 2361 est
380 2320 506 2362 recte
545 2319 711 2363 vivunt
742 2318 927 2375 (quiunt
957 2319 1018 2374 L)
1051 2320 1124 2363 esi:
1153 2344 1204 2350 —
1236 2331 1286 2362 so
1309 2320 1358 2362 et
1388 2319 1567 2362 etherio
1601 2321 1615 2373 (
1662 2319 1839 2363 etherio

147 2373 207 2427 L)
239 2375 313 2416 cui
350 2375 485 2418 tanta
524 2376 622 2419 esto
655 2374 853 2418 Romani
881 2374 1067 2419 vincere
1097 2376 1283 2431 postero
1313 2375 1507 2419 valeant
1538 2331 1749 2431 (vaffiunt
1779 2375 1838 2430 L)

145 2430 360 2486 tempore
390 2430 478 2474 hoc
509 2432 580 2475 est
611 2432 710 2475 esto
740 2445 826 2487 pro
858 2431 1051 2474 forsitan
1080 2430 1248 2487 posuit.

259 2587 284 2625 3
316 2584 602 2627 necessarior
631 2585 687 2628 N
712 2596 826 2628 corr.
857 2584 963 2627 Mai
983 2585 999 2639 11
1021 2589 1046 2628 5
1077 2583 1274 2627 flaccida
1301 2584 1372 2637 N,
1412 2583 1657 2628 flaccidam
1687 2584 1795 2628 Mai
1816 2585 1837 2642 ΙΙ

150 2641 174 2680 6
204 2637 431 2681 luxoriam
463 2641 541 2683 ina
569 2640 641 2695 N,
682 2641 751 2684 ita
778 2653 892 2685 corr.
924 2640 1030 2684 Mai
1058 2642 1074 2695 ΙΙ
1097 2640 1168 2684 7f.
1204 2640 1392 2684 ethenio
1430 2640 1505 2683 hic
1546 2642 1643 2683 esto
1674 2640 1744 2693 N,
1787 2654 1841 2685 ex

148 2694 420 2738 testimoniis
459 2696 603 2740 locum
641 2697 824 2740 restitui
850 2697 869 2752 ΙΙ
897 2701 922 2739 9
952 2695 1073 2739 inter
1109 2709 1193 2739 sua
1230 2710 1314 2740 sua
1351 2697 1399 2739 et
1436 2709 1518 2739 sua
1552 2696 1664 2751 quid
1701 2696 1841 2740 distet

149 2748 306 2803 requii-
334 2749 390 2793 N
420 2751 473 2794 in
509 2765 594 2808 my.
625 2753 641 2808 n
673 2757 722 2795 12
759 2752 909 2808 prime
939 2752 995 2795 N
1018 2753 1033 2806 ΙΙ
1066 2757 1115 2796 13
1154 2752 1319 2796 suabte
1349 2751 1405 2797 N
1428 2753 1444 2807 ΙΙ
1475 2756 1526 2795 18
1557 2751 1842 2796 circumflexi

155 2804 261 2849 Mai
280 2806 297 2860 ss
319 2810 372 2848 22
404 2808 663 2862 ceperimus
692 2807 748 2852 N
764 2810 780 2864 ΙΙ
801 2813 856 2851 24
886 2809 984 2863 aut]
1014 2807 1121 2861 fort.
1150 2808 1230 2852 ita.
