1980 3134
217 87 288 141 82
606 58 860 131 viriduni
889 86 1162 132 MARoms
1192 87 1516 134 EPITOMAE.

218 214 306 267 illo
343 213 531 282 inquid
569 213 711 265 enim
748 231 976 266 narrare
1001 215 1348 281 proponimus
1384 216 1510 283 (quo
1543 216 1751 268 metro?
1791 216 1915 270 dac-

216 283 408 354 tylico)
448 285 587 350 quod
617 285 909 337 maximum
933 286 1126 338 scimus
1147 289 1345 352 yestum
1369 289 1443 337 est
1465 285 1669 338 bellum.
1718 287 1779 339 in
1802 288 1910 354 illo,

216 356 463 421 inquam,
503 355 773 420 eodemque
809 371 909 420 quo
945 355 1326 408 uincensimum
1365 359 1410 407 et
1443 356 1686 422 quintum
1723 359 1914 410 aetatis

216 425 544 492 expleueram
582 441 785 477 annum
826 423 950 493 (hoc
989 425 1130 476 enim
1166 425 1242 476 ita
1280 442 1391 477 esse
1419 428 1629 478 Aeneas
1667 444 1750 478 me
1788 426 1910 479 edo-

172 511 194 544 5
219 494 350 565 cuit)
408 499 630 561 tempore
675 494 896 547 Blastus
944 495 1162 560 quidam
1202 512 1384 562 yenere
1428 494 1684 563 Phriyius
1732 495 1912 550 Iulius

215 564 380 632 (quod
437 564 752 616 uocabulum
800 563 971 615 Blasti
1019 582 1050 616 a
1095 565 1268 632 poetis
1317 566 1550 633 accepit,
1602 566 1728 634 quia
1774 584 1913 634 pene

214 634 460 686 homines
507 652 604 702 pro
651 634 819 686 nimia
864 634 1181 687 inmanitate
1226 636 1504 704 mandere,
1558 637 1699 704 quod
1737 635 1910 688 Blasti

216 703 464 756 dicuntur
501 705 697 769 facere,
736 704 1064 775 uidebatur);
1103 706 1187 758 hic
1223 722 1341 772 eryo
1372 724 1407 758 a
1440 708 1781 773 septentrione
1819 707 1908 775 (ex

213 774 313 826 hac
352 775 549 843 quippe
587 777 739 843 parte
778 775 1027 827 oriendus
1064 774 1192 840 fuit)
1237 775 1467 828 Romam
1517 774 1911 830 Germanorum

150 864 192 896 10
213 845 340 908 sibi,
393 861 616 911 quorum
652 847 971 898 soceritatem
1010 847 1400 912 amicitiamque
1428 847 1634 912 pariter
1671 848 1909 913 adquisi-

213 918 392 978 uerat‚
430 915 693 968 satillibus
729 916 992 968 adiunctis
1029 917 1268 980 ueniens,
1318 917 1524 982 inqente
1559 916 1681 969 urbi
1707 917 1906 984 populo

203 985 445 1052 plebique
471 986 773 1052 perdicione
789 1003 889 1053 per
913 987 1131 1039 eundem
1150 986 1323 1052 faeta,
1360 987 1420 1038 in
1443 990 1630 1053 septem
1654 988 1909 1053 siquidem

214 1064 395 1108 eontra
429 1072 535 1108 sese
571 1057 916 1109 dimicaturas
941 1057 1206 1109 ciuitatem
1231 1057 1416 1108 diuisit
1430 1060 1612 1123 partes
1648 1061 1696 1109 et
1729 1057 1908 1110 intole-

211 1126 432 1179 rabilem
464 1127 685 1179 incussit
712 1127 958 1194 playam,
998 1130 1056 1180 ut
1071 1144 1205 1194 pene
1230 1129 1337 1179 tota
1361 1127 1551 1180 ciuitas
1574 1128 1910 1180 internicioni

149 1214 191 1247 15
212 1212 264 1249 se
299 1196 459 1249 daret.
522 1196 609 1248 hic
647 1200 823 1248 autem
869 1196 997 1250 ordo
1039 1214 1176 1265 pene
1219 1196 1383 1249 totius
1425 1196 1719 1248 testimonii
1759 1215 1908 1265 prae-

212 1266 555 1334 posteritatus
604 1269 707 1322 est:
758 1284 912 1335 quem
963 1267 1330 1319 indifferenter
1374 1266 1493 1318 ideo
1539 1267 1906 1336 relinquimUS,

213 1336 337 1404 quia
384 1338 438 1388 et
484 1336 769 1405 unicuique
815 1337 871 1388 in
911 1339 1176 1405 potestate
1212 1339 1373 1406 prout
1409 1337 1625 1389 libuerit
1661 1338 1909 1390 ordinare

212 1409 267 1458 et
312 1406 436 1459 huic
484 1407 942 1475 expositiunculae
987 1408 1110 1460 finis
1155 1410 1213 1459 in
1259 1407 1498 1476 proximo
1537 1410 1630 1460 est.
1701 1409 1907 1476 sapien-

210 1476 346 1528 tium
372 1479 548 1529 autem
575 1478 896 1546 scriptorum
931 1481 1012 1530 est
1043 1478 1191 1530 iuxta
1215 1477 1346 1530 haec
1372 1495 1507 1546 quae
1533 1479 1909 1546 proposuimus

145 1565 188 1598 20
211 1548 454 1616 exempla
491 1547 732 1601 scindere
769 1548 915 1601 fona.

271 1714 464 1785 (XIV.)
519 1714 619 1768 DE
660 1715 1450 1770 COGNOMINATIONIBUS
1488 1715 1842 1770 NOMINUM

697 1786 946 1848 ATQUE
985 1785 1412 1840 UERBORUM.

351 1911 573 1963 Memini
612 1930 724 1964 esse
762 1931 847 1965 me
897 1931 928 1964 a
972 1913 1211 1977 Donat0‚
1260 1930 1377 1964 meo
1423 1911 1678 1977 discente,
1724 1916 1903 1966 uestro

208 1981 478 2050 municipe
515 1982 767 2035 hesterno
793 1986 1041 2052 rogatum
1069 2000 1228 2050 ann0‚
1266 1984 1328 2034 ut
1352 1982 1492 2034 unde
1518 1984 1680 2036 celum
1705 1983 1903 2036 dictum

209 2051 281 2103 sit
305 2052 590 2120 aperirem:
630 2053 714 2104 cui
739 2053 988 2121 respondi
1026 2070 1137 2104 non
1173 2052 1316 2104 illius
1353 2054 1608 2121 temporis
1644 2053 1809 2105 fuisse
1847 2053 1902 2105 id

211 2124 387 2190 operis
425 2122 716 2191 inpendere
754 2126 950 2176 mente.
1016 2123 1224 2191 corpori
1261 2123 1539 2175 nominum
1572 2124 1813 2176 festinati
1847 2123 1903 2175 id

143 2206 187 2239 25
207 2192 466 2261 temporis
521 2211 709 2246 uacare
766 2211 876 2246 non
930 2194 1103 2262 potui,
1164 2210 1309 2246 nunc
1368 2196 1575 2246 uestrae
1632 2194 1902 2246 dilectioni

322 2380 343 2417 1
377 2374 659 2430 dactylicum
688 2374 745 2418 N
760 2375 776 2430 ΙΙ
798 2379 822 2418 2
853 2375 1083 2418 maximus
1112 2375 1168 2419 N
1183 2376 1199 2431 ΙΙ
1220 2380 1248 2419 4
1268 2375 1556 2440 expliveram
1575 2375 1632 2419 N
1647 2376 1663 2431 ΙΙ
1685 2375 1902 2419 aedocuit

204 2429 261 2473 N
284 2431 300 2485 ss
329 2434 356 2474 5
383 2431 628 2486 temporae
669 2430 726 2474 N
749 2432 765 2487 ΙΙ
793 2431 1027 2488 pheregus
1055 2431 1112 2475 N
1135 2433 1151 2488 ΙΙ
1181 2436 1206 2474 6
1238 2432 1410 2488 acc1pit
1435 2431 1492 2476 N
1514 2433 1530 2487 ΙΙ
1561 2436 1587 2474 8
1616 2431 1902 2475 videbantur

205 2486 262 2530 N
277 2487 293 2541 ΙΙ
316 2491 340 2530 9
370 2487 592 2531 uriendus
621 2487 678 2532 N
701 2487 717 2543 ΙΙ
748 2492 801 2531 10
839 2487 1138 2542 amicitiaque
1166 2487 1224 2531 N
1293 2494 1342 2530 11
1373 2488 1621 2542 satillibus]
1643 2499 1734 2542 pro
1760 2488 1899 2531 satel-

204 2542 366 2585 litibus
394 2543 409 2598 ΙΙ
438 2543 680 2599 ingentem
708 2543 765 2586 N
788 2544 804 2598 ΙΙ
828 2548 878 2587 12
909 2543 1044 2599 perdi
1073 2544 1175 2587 ocia
1264 2577 1273 2594 ‚
1304 2544 1573 2600 perdicione
1604 2556 1717 2587 corr.
1747 2544 1855 2587 Mai

207 2603 259 2643 13
289 2598 484 2643 incussit
503 2599 554 2654 (i,
578 2613 634 2643 ea·
655 2602 696 2655 c)
717 2599 773 2644 N
788 2601 804 2655 ΙΙ
829 2604 879 2644 16
909 2600 1227 2643 indeferenter
1254 2600 1311 2644 N
1326 2601 1342 2656 ss
1366 2605 1417 2644 19
1447 2612 1785 2655 proposuemus
1803 2600 1860 2643 N

206 2659 260 2697 20
291 2654 400 2698 fona
425 2679 433 2687 ·
460 2654 562 2699 finit
589 2655 661 2708 N,
698 2656 906 2711 sequitwr
949 2655 1177 2700 INCIPIT
1208 2656 1308 2704 ΙΙΙΙ,
1352 2655 1431 2699 DE
1461 2655 1701 2701 METRIS.
1737 2660 1899 2709 postea

205 2709 435 2754 INCIPIT
466 2711 545 2756 IV.
596 2711 678 2755 DE
717 2710 1375 2756 COGNOMINATIONIBUS
1407 2717 1487 2756 etc.
1527 2711 1583 2754 N
1615 2711 1671 2764 cf.
1697 2712 1852 2766 praef.
1874 2713 1894 2766 Η

206 2769 258 2809 21
289 2766 552 2811 meminisse
582 2767 640 2812 N
663 2768 769 2822 fort.
800 2768 1096 2812 meminiscor
1125 2769 1140 2824 l}
1163 2773 1218 2811 22
1249 2768 1456 2812 histerno
1485 2767 1540 2811 N
1564 2768 1580 2823 ΙΙ
1609 2771 1662 2811 24
1691 2769 1893 2823 corpori]

203 2820 313 2876 fort.
344 2823 496 2878 operi,
529 2824 603 2867 cui
631 2826 701 2867 rei
729 2824 838 2868 Mai
857 2824 874 2879 ΙΙ
896 2828 949 2867 25
981 2823 1242 2868 dilectionis
1271 2824 1334 2871 N.
