1980 3134
233 74 335 125 142
610 73 863 118 VIRGILII
895 73 1169 118 MARONIS
1198 74 1546 124 EPISTOLAE.

230 205 339 254 tam
384 201 577 254 multae
621 205 745 253 sunt
791 218 949 267 quam
995 205 1042 254 et
1086 203 1416 269 coyitationes
1463 203 1750 256 hominum.
1820 205 1922 272 leye

230 288 347 339 erqo
390 272 718 338 sinyulorum
764 271 922 324 libros
968 275 1014 324 ct
1058 276 1294 325 scrutare
1330 277 1377 325 et
1412 275 1681 327 considera
1718 278 1766 326 et
1799 276 1921 327 uide

230 343 358 408 quid
402 343 461 394 ‘m
508 343 582 393 eis
627 345 971 408 co‘nyruatum
1008 346 1162 408 atque
1198 345 1476 410 unanime,
1522 347 1581 396 ut
1614 345 1693 396 ita
1730 345 1921 412 dicam,

228 413 419 479 quidue
465 412 697 464 diuisum
743 428 806 465 ac
852 412 1200 465 desemiuum:
1247 416 1295 466 ct
1343 415 1590 480 quicquid
1634 430 1841 467 concors
1877 419 1926 467 et

185 495 205 528 ⁵
229 483 582 535 consentiuum
629 483 918 549 inueneri8‚
967 482 1060 534 hoc
1105 498 1229 549 suye
1274 487 1322 535 et
1355 485 1414 536 in
1453 484 1601 536 corde
1637 487 1724 536 tuo
1761 485 1923 537 ueluti

229 553 489 618 quoddam
543 551 752 604 salubre
805 569 868 604 ao
919 568 1085 605 saduc
1129 554 1318 606 uinum
1371 554 1617 620 infunde,
1675 555 1925 621 quicquid

228 626 401 675 autem
426 623 621 674 discors
647 639 709 674 ac
733 622 1055 675 desentiuum
1078 624 1410 692 repperieriS,
1450 625 1592 677 uelut
1609 641 1923 678 uenenosum

230 710 293 745 ac
331 693 558 745 toxicum
586 693 800 759 pen-itus
837 694 994 746 emita.
1051 695 1192 745 unde
1231 696 1285 745 et
1322 710 1421 763 ego
1459 694 1564 746 hoc
1599 694 1824 762 inserui,
1864 698 1924 747 ut

230 763 287 814 in
325 762 535 814 ratione
573 762 855 814 uerborum
894 780 1252 831 quaecumque
1290 782 1321 815 a
1357 764 1646 816 maioribus
1686 782 1747 817 ac
1781 768 1923 817 uete-

166 849 206 882 10
228 833 376 885 ribus
432 833 633 884 inserta
685 835 835 897 sunt,
893 833 1121 886 libenter
1171 834 1485 902 suscipiatis,
1560 852 1694 902 quae
1745 843 1922 887 autem

225 903 401 956 media
451 906 579 954 sunt
627 906 681 955 et
729 903 1118 971 quodammodo
1165 904 1222 955 in
1261 905 1511 973 ambiguo
1549 905 1773 973 possita,
1818 905 1922 958 hoc

225 992 325 1026 nec
372 972 631 1025 refutabis
679 991 780 1025 nec
824 974 1159 1041 adfirmabiS‚
1212 977 1265 1026 et
1301 975 1346 1026 si
1385 975 1642 1043 scriptum
1679 975 1924 1044 audieris„
1963 1040 1966 1042 ‚

224 1062 335 1098 non
374 1043 677 1109 contendiS,
716 1045 895 1095 utrum
932 1044 997 1096 ad
1035 1044 1392 1096 indubitatam
1431 1045 1807 1098 auctoritatem
1832 1049 1923 1098 aut

225 1115 290 1167 ad
328 1114 638 1183 ambiguum
676 1118 914 1166 sumatur
952 1114 1272 1182 exemplum.

160 1198 201 1231 15
365 1183 516 1246 Quod
574 1186 753 1236 autem
808 1184 1043 1237 dicturos
1091 1202 1188 1236 nos
1234 1185 1351 1237 fore
1398 1185 1761 1253 promisimus,
1819 1186 1919 1238 hoc

226 1259 332 1322 est,
373 1254 515 1323 quod
553 1255 714 1306 tertia
753 1255 1057 1324 coniugatio
1095 1255 1357 1323 producta
1393 1256 1451 1307 in
1490 1255 1810 1323 specialibus
1836 1256 1917 1308 in-

223 1324 506 1394 tellegatur
552 1325 746 1392 modis,
795 1325 895 1377 hoc
942 1329 1023 1377 est
1060 1326 1184 1394 quia
1221 1326 1392 1394 primo
1429 1325 1723 1379 indicatiuo
1763 1327 1920 1379 modo

222 1399 460 1463 tempore
500 1395 766 1462 praesenti
792 1413 1019 1463 persona
1042 1396 1215 1464 prima
1238 1396 1397 1448 facile
1424 1395 1755 1460 dinoscatur,
1786 1397 1916 1449 dicis

223 1467 364 1518 enim
404 1466 591 1530 audio,
632 1465 741 1517 hiic
777 1467 798 1517 i
835 1468 958 1518 ante
996 1483 1023 1519 o
1062 1466 1258 1518 habeat
1292 1470 1354 1518 ut
1379 1467 1524 1520 lanio
1537 1507 1551 1533 ‚
1593 1467 1677 1519 uel
1702 1469 1920 1535 propter

158 1551 199 1585 20
223 1554 284 1588 ea
320 1536 513 1602 uerba,
554 1553 688 1603 quae
718 1554 818 1588 nec
842 1539 959 1588 tota
984 1536 1265 1604 producta,
1305 1554 1403 1589 nec
1430 1538 1647 1589 omnino
1675 1541 1919 1606 correpta

223 1624 336 1659 esse
373 1608 775 1674 repperiantur:
814 1624 1056 1659 recurras
1082 1607 1147 1659 ad
1172 1607 1519 1675 praeteritum
1545 1610 1755 1676 tempus
1782 1609 1918 1660 eius-

222 1677 340 1729 dem
377 1676 522 1729 modi
558 1676 878 1745 perfectum,
918 1677 1009 1729 ubi
1036 1677 1173 1729 nihil
1200 1678 1522 1746 criposcium
1549 1695 1918 1730 remansurum

222 1751 325 1816 est,
365 1750 424 1800 ut
460 1748 503 1799 si
544 1747 685 1799 dicas
723 1748 915 1801 audiui
927 1767 939 1816 3
980 1747 1173 1799 dehinc
1208 1749 1273 1800 ad
1299 1748 1678 1816 imperatiuum
1705 1748 1917 1800 modum

220 1821 282 1870 ut
335 1819 492 1881 audi,
549 1817 737 1870 deinde
784 1818 850 1869 ad
897 1818 1224 1870 infinitiuum
1272 1823 1332 1870 ut
1379 1819 1581 1872 audire.
1656 1819 1917 1871 secundus

157 1901 199 1935 25
223 1890 399 1940 autem
448 1888 638 1940 tertiae
688 1889 1079 1958 coniugationis
1129 1888 1420 1957 productae
1468 1888 1557 1940 hic
1605 1892 1709 1958 est,
1758 1907 1914 1958 quem

219 1959 277 2010 in
326 1960 515 2026 quarta
563 1958 941 2026 coniugatione
994 1959 1259 2027 suscipere
1307 1976 1362 2011 se
1401 1958 1590 2011 debere
1627 1962 1822 2027 putant
1859 1962 1918 2011 ut
1967 2027 1970 2030 Δ

221 2045 304 2095 60,
341 2030 416 2092 is,
457 2029 511 2080 it.
574 2028 788 2080 tertiam
827 2031 1006 2080 autem
1043 2033 1250 2096 partem
1289 2029 1518 2081 eiusdem
1547 2029 1914 2097 ordinationiS‚

219 2099 323 2150 hoc
373 2100 453 2150 est
502 2098 931 2168 conjugationem
980 2102 1301 2167 correptam,
1354 2099 1568 2150 tertiam
1607 2117 1720 2151 esse
1759 2099 1912 2150 adfir-

220 2171 371 2221 mant
409 2171 467 2220 ut
499 2169 623 2235 leyo.
686 2171 890 2220 sextam
940 2171 1115 2220 autem
1154 2187 1314 2237 quam
1350 2169 1503 2221 nobis
1541 2170 1596 2221 in
1635 2187 1915 2221 numerum

155 2239 618 2291 mordinationum
673 2239 965 2307 adducunt,
1029 2238 1235 2291 nullum
1291 2239 1507 2291 omnino
1563 2258 1749 2291 sanum
1805 2258 1914 2292 sus-

220 2310 393 2377 cipere
431 2311 642 2377 oportet
678 2327 860 2361 eorum
901 2309 1176 2362 dumtaxat
1217 2310 1525 2376 uerborum,
1567 2327 1697 2378 quae
1733 2310 1789 2361 in
1823 2327 1913 2362 um

221 2380 431 2432 literam
469 2379 733 2431 finiuntur
769 2382 829 2431 ut
865 2396 1009 2445 sum,
1040 2396 1261 2447 prosum
1299 2383 1352 2432 et
1389 2384 1579 2432 cetera.

332 2594 357 2633 5
390 2603 535 2646 sunge
565 2589 621 2632 N
644 2590 704 2644 117
737 2589 998 2632 vininosum
1028 2589 1082 2634 N
1110 2590 1126 2646 ss
1157 2594 1207 2634 13
1239 2589 1481 2633 contendit
1508 2589 1579 2643 N,
1613 2589 1910 2632 contenderis

217 2645 324 2688 Mai
345 2647 360 2702 ΙΙ
387 2651 435 2688 16
467 2645 746 2702 specialibus
768 2646 822 2700 (i,
844 2659 901 2689 ea:
921 2646 986 2700 i?)
1008 2646 1063 2690 N
1078 2647 1093 2702 ΙΙ
1120 2649 1170 2688 18
1190 2659 1285 2689 non
1306 2645 1443 2689 facile
1465 2645 1571 2689 Mai
1590 2646 1606 2700 ΙΙ
1633 2650 1681 2688 19
1702 2645 1908 2687 habeant

219 2700 274 2744 N
289 2702 304 2757 ss
327 2707 379 2743 22
411 2702 477 2744 cri
513 2701 704 2757 oscium]
736 2702 842 2755 fort.
864 2701 1168 2756 scripulosum
1191 2702 1206 2756 ΙΙ
1229 2706 1281 2744 25
1305 2706 1412 2757 post
1431 2702 1710 2758 productae,
1741 2700 1906 2743 modus

217 2757 442 2856 {rasisque}
498 2758 568 2809 ai,
603 2758 723 2813 quod
753 2758 934 2802 verbum
965 2772 1020 2803 eoe
1047 2757 1359 2814 superioribus
1386 2757 1526 2811 facile
1554 2757 1766 2812 suppleas
1815 2757 1830 2811 ΙΙ
1854 2761 1908 2800 28

241 2826 290 2856 er
313 2826 358 2856 la
438 2847 446 2856 .
