1980 3134
133 122 203 175 54
523 119 775 165 VIRGILII
804 119 1082 164 MARONIS
1112 120 1445 165 EPITOMAE.

134 252 245 302 tam
281 248 563 301 ioezmdum
599 249 749 301 nobis
785 263 888 300 esse
915 251 1095 316 potest,
1137 265 1296 315 quam
1331 249 1391 301 in
1427 249 1520 302 hoe
1548 253 1722 302 nostro
1748 251 1826 304 di·

137 319 296 386 leyere
321 334 649 386 permanere,
688 319 787 372 hoc
826 335 923 386 pro
964 318 1203 371 ablatiuo
1230 319 1452 387 possuit.
1515 318 1568 371 et
1604 337 1701 387 pro
1729 337 1823 372 no-

134 388 279 441 mine
317 388 419 441 alio
458 389 599 442 idem
636 389 754 441 loco
793 388 1062 457 accipiens
1100 389 1326 442 eundem
1364 389 1581 442 modum
1629 390 1704 443 sic
1750 391 1827 443 ait

92 461 112 493 5
133 459 258 512 solis
291 476 498 512 currere
536 460 618 512 die
653 461 852 514 aestiuo
889 460 1318 513 iocundissimum
1354 464 1438 513 est.
1498 463 1551 512 et
1574 478 1643 512 ne
1668 461 1825 513 unius

134 532 347 582 tantum
385 533 597 582 utamur
633 531 894 600 exemp10,
935 530 1075 599 quod
1097 549 1129 582 a
1157 531 1353 582 nostris
1390 531 1680 584 maioribus
1717 532 1826 600 ple·

134 617 358 668 rumque
378 600 607 652 uetitum
627 603 722 666 est,
746 602 962 654 alterius
982 601 1142 670 periti
1160 618 1460 653 sermonem
1479 601 1825 669 proferemus.

135 669 440 722 Hilarius
478 670 681 723 Lucani
726 672 921 740 frater,
968 672 1026 723 in
1063 671 1332 724 functorio
1367 671 1556 724 quani
1595 672 1826 725 carmine

135 740 209 792 sic
265 740 342 792 ait
387 742 557 794 lexisti
603 743 877 797 assiduum
914 743 1102 796 bellare
1137 743 1198 795 in
1234 746 1334 796 toto
1370 743 1629 796 curriculo
1666 744 1826 811 uitae,

133 811 235 863 hoc
272 828 368 882 pro
409 813 715 865 accusatiuo
752 814 971 882 possuit.
1030 813 1387 882 inpersonalis
1428 815 1606 865 autem
1639 813 1826 865 modus

70 897 111 929 10
135 882 339 950 passiui
384 882 537 935 uerbi
583 883 771 936 similis
817 886 1048 953 putatur.
1126 883 1216 936 sed
1255 883 1378 952 quia
1412 901 1695 952 personam
1733 901 1827 936 no-

132 952 294 1005 minis
351 970 462 1005 non
518 953 735 1023 recipit,
788 955 907 1008 ideo
960 954 1234 1023 passiuum
1281 953 1504 1007 uerbum
1548 971 1656 1006 non
1713 954 1827 1010 erit.

136 1022 284 1075 cuius
329 1023 518 1093 regula
562 1025 692 1077 haec
739 1042 854 1078 esse
907 1025 1129 1091 dicitur,
1178 1028 1238 1077 ut
1285 1025 1331 1076 si
1377 1042 1409 1076 a
1447 1025 1609 1076 uerbo
1647 1026 1824 1078 actiuo

133 1093 358 1162 uenerit,
397 1097 450 1146 et
485 1095 599 1163 ipse
638 1098 782 1165 agat,
820 1096 895 1148 ita
930 1098 1111 1148 tamen
1137 1097 1199 1147 ut
1222 1095 1477 1147 infinitiui
1502 1094 1644 1147 modi
1671 1098 1827 1166 egeat

133 1164 442 1216 adiumento
480 1166 769 1219 secundum
807 1166 939 1219 illud
965 1169 1226 1219 Aeneae
1260 1166 1338 1218 ita
1357 1165 1580 1218 dicentis
1606 1164 1838 1219 Hanni-.

70 1247 111 1280 15
134 1234 302 1288 halem
338 1235 525 1303 Zeyitur
560 1237 620 1289 in
645 1237 726 1290 die
752 1237 869 1291 belli
893 1238 1085 1291 dixisse
1101 1253 1204 1304 pro
1229 1238 1560 1290 tricentorum
1585 1238 1826 1290 uirorum

128 1307 361 1372 potentia
399 1308 664 1374 armisque
700 1308 849 1361 hodie
885 1325 1046 1362 meme
1081 1311 1221 1361 utar.
1284 1309 1327 1360 si
1364 1324 1490 1360 uero
1528 1325 1560 1359 a
1596 1307 1826 1360 neutrali

133 1375 296 1428 uerbo
348 1377 585 1443 uenerit,
637 1378 931 1430 ablatiuum
981 1396 1188 1432 cassum
1237 1378 1417 1431 trahat
1462 1395 1677 1430 necesse
1726 1378 1827 1430 erit

132 1445 488 1498 Terrentio
528 1447 738 1501 dicente
775 1450 1012 1503 curritur
1048 1469 1083 1503 a
1121 1450 1324 1516 castri&
1366 1448 1636 1502 interdum
1664 1449 1825 1501 etiam

246 1620 284 1658 2.
316 1614 434 1662 Eme.
454 1615 605 1663 Nane.
619 1628 671 1679 p:
695 1620 771 1661 19:
818 1617 881 1660 At
910 1630 995 1672 pro
1026 1618 1317 1661 nominativo
1349 1616 1441 1661 alio
1472 1617 1573 1661 loco
1603 1617 1731 1661 idem
1761 1617 1826 1660 sic
1909 1657 1913 1662 .

133 1671 218 1716 ait:
275 1670 394 1715 Solis
432 1685 617 1715 currere
656 1687 705 1715 1n
744 1673 819 1717 die
859 1673 1007 1717 estivo
1043 1673 1424 1718 iocundissimum
1464 1674 1548 1716 est.
1607 1673 1825 1717 Helarius

132 1726 278 1771 frater
309 1726 485 1771 Lucani
522 1728 587 1771 sic
627 1729 715 1772 ait:
754 1729 913 1784 legisti
951 1729 1198 1773 adsiduum
1235 1743 1299 1785 sq.
1329 1743 1415 1786 pro
1446 1729 1713 1773 accusativo
1743 1742 1825 1785 po-

132 1784 239 1830 suit.
357 1784 414 1837 ef.
439 1783 579 1829 Glem.
605 1798 698 1830 exc.
722 1785 774 1839 (f.
795 1786 914 1842 30³).-
945 1786 1052 1831 Sine
1083 1800 1191 1830 casu
1222 1799 1333 1830 vero
1364 1786 1559 1829 verbum
1589 1799 1687 1829 esse
1716 1786 1824 1829 ideo

132 1839 252 1883 dixit
279 1843 475 1896 propter
504 1841 652 1885 verba
679 1841 901 1887 infinitivi
929 1842 1058 1886 modi
1088 1856 1209 1898 quae
1239 1843 1288 1885 in
1318 1841 1550 1897 aliquibus
1580 1841 1826 1885 sententiis

132 1909 324 1940 casuum
345 1897 446 1940 vice
467 1897 670 1941 maxime
691 1898 970 1943 nominativi
989 1899 1242 1943 accusativi
1263 1897 1551 1953 ablativique
1572 1900 1822 1954 ponuntur.

131 1953 186 1995 ut
215 1952 342 2008 apud.
373 1952 671 1996 Terrentium
702 1954 764 1997 da
800 1954 915 1997 mihi
954 1955 1116 1999 bibere
1153 1955 1203 1998 id
1241 1955 1405 2011 potum
1436 1955 1484 1998 et
1514 1956 1724 1997 nostrum
1756 1956 1827 1998 est

133 2008 294 2052 vivere
324 2009 459 2053 triste
490 2010 539 2053 et
565 2009 946 2054 iocundissimum
977 2013 1048 2055 est
1078 2011 1185 2055 solis
1217 2024 1402 2055 currere
1433 2011 1507 2054 die
1539 2011 1731 2055 aestivo.
1776 2011 1826 2053 id

132 2078 291 2108 cursus
323 2065 371 2108 et
398 2065 557 2122 legere
591 2067 639 2109 et
666 2079 760 2110 non
791 2067 1070 2123 intellegere
1092 2080 1186 2111 non
1209 2069 1280 2112 est
1298 2066 1456 2123 legere
1479 2068 1527 2110 et
1546 2067 1616 2110 his
1638 2067 1823 2115 similia.

132 2120 216 2164 sed
245 2134 338 2164 non
367 2123 561 2178 propter
590 2122 705 2166 haec
735 2136 892 2166 casum
921 2124 971 2166 in
1002 2125 1146 2168 verbo
1177 2138 1276 2169 esse
1305 2123 1567 2180 putandum
1599 2124 1709 2178 quia
1738 2123 1825 2167 hoc

132 2177 406 2222 elocutionis
444 2191 591 2235 genus
629 2178 759 2235 greci
788 2180 1067 2235 sequuntur,
1107 2180 1156 2223 in
1192 2181 1339 2224 latino
1370 2193 1481 2224 vero
1512 2193 1615 2223 raro
1646 2179 1825 2223 inveni-

130 2235 222 2278 tur.
337 2239 376 2278 9.
397 2234 513 2279 Exe.
542 2234 695 2280 Nane.
720 2248 770 2290 p,
790 2238 870 2279 21:
903 2235 973 2280 De
1003 2236 1288 2293 inpersonali
1318 2236 1471 2279 modo.
1516 2236 1823 2292 inpersonalis

132 2291 292 2333 autem
312 2315 365 2322 —
386 2290 552 2347 regula
582 2292 647 2334 sic
679 2304 778 2335 esse
811 2317 863 2323 —
894 2292 1013 2335 illud
1043 2295 1233 2337 Aeneae
1266 2292 1464 2336 dicentis
1496 2317 1550 2323 —
1581 2306 1739 2335 casum
1771 2318 1822 2324 -—

132 2347 272 2390 etiam
306 2348 355 2390 et
385 2371 437 2378 -
469 2347 664 2391 attrahit
694 2373 748 2379 —
778 2348 968 2392 bellum.

246 2507 266 2543 1
298 2515 382 2545 nos
408 2502 455 2545 P
475 2503 491 2557 ΙΙ
514 2507 539 2546 3
569 2501 689 2546 sicut
716 2503 763 2546 P
783 2504 799 2558 ΙΙ
822 2508 845 2547 7
875 2503 1062 2547 helarus
1091 2505 1136 2548 P
1159 2505 1174 2560 ΙΙ
1195 2505 1375 2562 lucavqii
1393 2506 1439 2549 P
1460 2506 1475 2561 ss
1496 2506 1607 2548 iuua
1626 2506 1700 2562 ini
1729 2504 1820 2571 Ρ-ΙΙ

131 2576 156 2615 8
187 2571 391 2615 assidum
420 2573 466 2616 P
493 2573 509 2627 ΙΙ
533 2577 586 2616 10
623 2573 704 2616 sed
735 2586 817 2617 om.
848 2574 904 2618 N
926 2575 942 2630 ΙΙ
974 2579 1024 2618 11
1057 2575 1225 2631 recipit
1255 2575 1306 2632 (i1
1335 2589 1392 2620 ex
1421 2577 1463 2631 e)
1495 2575 1552 2619 N
1566 2577 1581 2631 ΙΙ
1603 2575 1710 2620 ideo
1739 2580 1822 2632 pas

129 2681 222 2712 non
252 2670 337 2725 Nn
362 2675 413 2714 13
443 2671 676 2728 venissssat
704 2672 757 2728 (i1
783 2685 811 2715 a
838 2685 894 2716 ex
921 2675 1054 2721 corr.)
1086 2673 1172 2729 Nu
1193 2674 1304 2729 ipsae
1326 2674 1393 2729 Ρ,
1431 2642 1578 2730 ῑρεῑῗῗχ
1606 2674 1662 2728 (12
1692 2687 1746 2719 ex
1777 2679 1820 2726 e)

128 2725 184 2769 N
198 2726 215 2780 ΙΙ
237 2729 347 2781 agat
375 2727 443 2781 P,
476 2729 645 2784 egelsst
676 2730 742 2783 (θ,
773 2742 829 2773 ece
857 2730 995 2785 corr.)
1025 2729 1081 2773 N
1095 2730 1111 2786 ΙΙ
1132 2730 1274 2787 ageat
1302 2731 1348 2775 P
1369 2732 1384 2786 ΙΙ
1405 2730 1634 2773 insinitivi
1662 2731 1708 2774 P
1729 2732 1745 2786 ΙΙ
1770 2735 1822 2773 14

130 2792 309 2826 aensseae
349 2783 398 2837 (e
429 2784 559 2839 eras.)
589 2785 636 2827 P
657 2785 672 2840 ΙΙ
692 2784 904 2840 annibale
931 2785 978 2853 P
997 2786 1013 2840 fl
1039 2790 1202 2829 14—-16
1233 2786 1500 2831 adiumento
1538 2787 1644 2830 utar
1681 2785 1820 2830 hodie

129 2879 282 2909 meme
312 2866 368 2910 N
391 2871 469 2912 eet.
500 2879 584 2914 om.
612 2868 632 2923 ῃ
662 2873 712 2912 17
752 2853 959 2913 ablativg
985 2870 1042 2915 N
1064 2871 1079 2926 ῃ
1108 2853 1270 2914 trahit
1298 2870 1383 2926 Nn
1409 2875 1459 2916 18
1490 2869 1555 2926 in}
1573 2869 1684 2913 dum
1714 2871 1770 2916 P.
