1980 3134
729 67 789 111 11.
838 67 934 111 DE,
949 67 1185 111 LITERA.
1769 69 1802 120 9

113 196 256 264 cipio
294 195 469 248 fineue
507 195 730 247 alicuius
768 194 899 246 artis
936 195 1141 263 possita
1176 193 1364 262 fuerit,
1410 212 1436 247 e
1473 194 1654 247 statim
1692 211 1803 247 non

113 267 471 335 subsequente
508 265 740 318 maxime
779 282 899 317 cum
936 264 1259 332 producatur
1296 264 1527 317 forciosa
1565 265 1690 332 erit,
1744 269 1804 316 ut

111 353 204 391 ars
235 353 386 391 amor
412 337 577 403 scola3
616 338 673 388 at
708 335 851 388 enim
890 353 1011 387 cum
1048 336 1104 387 in
1143 334 1428 403 praedictis
1453 335 1584 389 locis
1623 354 1649 389 e
1685 353 1802 388 cam

111 408 391 459 subsecuta
433 405 625 474 fuerit,
672 425 707 460 a
754 405 981 457 infirmis
1027 405 1311 459 habebitur
1357 408 1418 458 ut
1464 423 1552 459 aes
1598 405 1804 460 Aeneas

110 476 357 531 Micenae
387 493 628 545 yannae,
679 476 755 528 sic
793 478 847 528 et
883 493 911 529 o
948 476 1104 528 fortis
1140 477 1198 528 in
1234 475 1403 528 isdem
1440 476 1568 529 10818
1607 477 1709 529 erit
1745 480 1847 529 ut⁵

111 564 230 601 amo
277 563 333 600 os
378 548 522 614 oriyo
559 563 757 611 somno,-
804 549 860 598 at
896 563 1015 598 cum
1054 565 1080 600 e
1115 549 1367 615 sequatur
1404 546 1648 617 diptongi
1685 547 1804 599 loco

111 619 344 687 ponetur
394 621 454 669 ut
505 633 664 670 coena
712 618 898 683 foedus
947 618 1113 685 yoela.
1196 635 1234 670 u
1290 620 1468 669 autem
1523 618 1803 686 aliquoties

110 688 375 756 liquiscit‚
414 706 535 740 cum
573 688 639 740 ab
678 687 782 739 alia
820 687 1100 739 diciosiore
1138 688 1528 755 proscribatur,
1569 693 1627 740 ut
1661 689 1804 741 uatis

107 776 278 812 ueram
313 760 501 812 uinum
536 775 667 825 uox,
709 758 796 810 uel
834 776 865 809 a
903 760 1070 809 semet
1105 758 1223 826 ipsa
1259 760 1319 810 ut
1354 759 1534 812 uultus
1568 759 1803 812 inuulae.

109 832 385 899 praeterea
433 828 711 881 literarum
760 828 829 881 ob
867 828 969 880 hoc
1006 827 1266 880 forciosae
1304 831 1453 896 sunt,
1496 829 1622 897 quia
1660 829 1803 882 solae
1827 845 1869 876 10

111 900 310 968 absque
349 899 509 951 ullius
547 899 767 952 alterius
805 898 1298 951 amminiculatione
1335 899 1518 951 ualent
1553 901 1613 951 ut
1650 919 1685 953 a
1710 917 1736 952 c
1760 917 1803 952 0.

108 989 145 1023 a
190 971 334 1023 enim
372 973 425 1022 et
462 987 488 1024 e
523 973 668 1022 recte
704 969 1157 1038 praepossitiones
1194 972 1347 1038 sunt3
1398 986 1426 1022 0
1464 987 1675 1038 quoque
1713 970 1806 1021 ali-

113 1042 320 1109 quoties
358 1040 677 1099 interiectio,
717 1040 873 1092 modo
913 1042 1091 1092 autem
1114 1041 1392 1092 uocatiuus
1418 1042 1656 1093 omnium
1682 1057 1805 1109 pro-

114 1112 419 1179 nominum,
458 1129 582 1180 sepe
623 1112 781 1163 etiam
819 1110 1039 1162 uerbum
1080 1111 1315 1163 actiuum
1352 1111 1480 1163 licet
1516 1110 1807 1164 indeclina-

116 1182 245 1249 bile3
283 1182 414 1234 dicis
453 1182 650 1234 etenim
677 1198 704 1234 ο
740 1198 910 1250 reyem
945 1182 1266 1249 decorosum,
1303 1181 1404 1233 hoc
1430 1182 1627 1233 etenim
1654 1185 1807 1234 sonat
1831 1197 1872 1228 15

107 1254 275 1306 miror
320 1270 490 1321 reyem
533 1253 855 1316 decoro-sum,
905 1252 1047 1304 unde
1094 1269 1207 1303 non
1255 1255 1398 1304 recte
1437 1251 1650 1321 quidam
1691 1271 1808 1305 eam

107 1323 441 1376 nominatiuo
478 1323 748 1392 applicare
787 1324 1038 1374 constant
1075 1322 1311 1375 dicentes
1348 1340 1376 1376 o
1405 1339 1499 1376 rex
1523 1323 1806 1376 decorosus.

108 1411 135 1447 c
182 1411 309 1446 sane
355 1394 414 1446 in
460 1393 775 1462 copulatiuis
811 1396 955 1446 recte
991 1393 1312 1461 receptanda
1349 1396 1453 1457 est,
1503 1411 1624 1446 cum
1662 1397 1807 1462 opta-

222 1596 262 1637 3.
299 1589 590 1635 Cruindmeli
618 1602 696 1634 ars
724 1590 914 1634 metrica
937 1601 987 1644 p.
1007 1592 1058 1644 8,
1092 1591 1148 1633 15
1177 1589 1267 1643 (ed.
1304 1589 1543 1644 Huemer):
1581 1588 1807 1645 Virgilius

107 1648 268 1690 tamen
297 1645 430 1690 Maro
467 1647 516 1690 in
554 1646 647 1691 suis
684 1646 800 1690 dicit
830 1645 1066 1701 epistolis,
1105 1646 1231 1701 quod
1270 1646 1389 1690 duae
1419 1644 1606 1689 vocales
1634 1645 1685 1688 in
1714 1659 1809 1688 una

109 1703 295 1759 syllaba
333 1702 549 1759 diptongi
584 1704 771 1746 iunctae
817 1703 969 1747 totum
1005 1714 1101 1746 non
1137 1702 1336 1758 possunt
1371 1715 1508 1745 81111111
1545 1701 1806 1757 exprimere

113 1772 279 1803 sonum
317 1760 372 1802 ut
409 1772 487 1803 aes
515 1759 701 1803 Aeneas
732 1760 781 1803 et
808 1759 893 1803 rel.
1048 1762 1113 1801 15.
1142 1757 1202 1811 cf.
1237 1756 1481 1802 Clementis
1510 1771 1603 1801 exc.
1636 1757 1691 1811 (f.
1719 1759 1808 1813 7³):

109 1816 226 1859 item
257 1829 284 1858 o
316 1815 568 1871 aliquando
598 1815 866 1859 interiectio
889 1815 960 1859 est
979 1816 1034 1858 ut
1052 1815 1101 1857 in
1123 1814 1344 1859 Terentio
1365 1814 1540 1871 legitur
1563 1814 1609 1856 ‘o
1631 1814 1810 1858 scelera

111 1871 353 1927 sacrilega,
387 1885 412 1914 0
435 1871 673 1916 hominem
693 1871 923 1928 impium’,
955 1871 1208 1926 aliquando
1240 1870 1514 1913 admirantis
1542 1869 1807 1914 interiectio

112 1930 183 1972 est
212 1929 266 1971 ut
299 1929 345 1971 ‘o
375 1928 597 1972 meritum
627 1928 826 1971 sublime
856 1928 997 1971 trium
1029 1927 1199 1983 quibus
1219 1927 1304 1970 illa
1324 1926 1520 1979 videre’,
1552 1926 1806 1982 aliquando

106 1997 192 2040 pro
224 1985 367 2028 verbo
399 1986 577 2028 ‘miror’
610 1984 802 2040 ponitur
830 1985 886 2028 ut
914 1986 986 2029 est
1015 1992 1060 2027 ‘o
1090 1997 1254 2039 regem
1285 1983 1595 2027 decorosum'.

224 2172 246 2210 1
269 2167 383 2225 non]
409 2167 511 2211 11081
532 2167 587 2212 N
603 2169 619 2224 ΙΙ
640 2172 666 2211 3
679 2166 752 2233 ari
767 2166 819 2211 N
837 2168 853 2223 ΙΙ
874 2172 901 2211 4
916 2166 1144 2224 inprimus
1161 2166 1211 2211 N
1231 2168 1248 2223 11
1270 2166 1426 2210 aenias
1447 2166 1488 2210 V
1507 2167 1523 2222 ΙΙ
1545 2172 1570 2210 5
1585 2178 1808 2210 mecenae

108 2253 178 2307 P,
209 2264 343 2295 macc
363 2274 372 2283 ·
391 2265 479 2295 nae
516 2251 578 2306 V,
609 2235 832 2294 me¹cenae
854 2251 911 2294 N
925 2254 932 2306 Ι
996 2234 1140 2296 annae*
1170 2253 1218 2306 (a
1238 2250 1375 2306 eras.)
1397 2251 1466 2313 P,
1498 2263 1591 2306 gan
1621 2263 1808 2305 gunnae

116 2308 168 2361 V,
197 2309 305 2362 fort.
329 2308 363 2350 i.
386 2321 426 2363 q.
449 2308 636 2353 Cannae
657 2309 673 2363 11
695 2307 877 2351 hisdem
968 2308 975 2363 Ι
1005 2308 1139 2365 sortis
1160 2308 1232 2351 est
1267 2307 1318 2360 V,
1351 2307 1595 2350 fortis-at
1613 2319 1696 2350 om.
1719 2307 1766 2350 P
1787 2307 1806 2363 Η

112 2370 138 2408 6
169 2377 299 2408 881110
330 2363 385 2407 N
400 2366 417 2420 ΙΙ
439 2366 666 2421 deptongi
685 2364 752 2414 P,
786 2363 1059 2420 diptongi{
1086 2364 1143 2408 N
1165 2365 1181 2419 ΙΙ
1205 2368 1228 2407 7
1258 2363 1448 2420 ponitur
1485 2362 1527 2406 V
1544 2364 1560 2418 ΙΙ
1583 2376 1722 2406 caera
1749 2363 1809 2415 P,

109 2461 248 2492 coera
283 2448 343 2501 V,
383 2460 529 2491 caena
555 2448 612 2492 N
633 2448 650 2503 ΙΙ
671 2430 780 2504 g⁰ela
810 2451 867 2499 P,
904 2447 1092 2502 goelum
1121 2448 1178 2491 N
1192 2448 1208 2502 ΙΙ
1230 2447 1502 2502 aliquotie*s
1524 2449 1574 2495 (n
1596 2449 1728 2500 eras.)
1749 2447 1811 2500 P,

110 2503 397 2560 aliquatinus
427 2503 523 2547 VN
536 2505 552 2559 ΙΙ
574 2509 600 2548 8
631 2503 747 2547 ditio
777 2516 878 2547 sore
909 2503 965 2547 N
979 2504 995 2559 ΙΙ
1017 2508 1042 2547 9
1074 2517 1220 2547 uerax
1251 2506 1292 2558 (r
1312 2505 1450 2557 corr.)
1480 2502 1537 2547 N
1551 2504 1568 2558 ΙΙ
1587 2503 1690 2559 ipsa
1709 2508 1812 2546 mut

109 2561 166 2605 N
189 2563 205 2616 ΙΙ
234 2560 422 2603 muulae
459 2559 519 2614 V,
551 2560 705 2604 mulae
734 2560 802 2611 P,
833 2560 959 2603 mule
987 2558 1074 2615 ΝΙΙ
1099 2565 1149 2603 10
1170 2559 1360 2603 fortiose
1390 2559 1477 2614 ΝΙΙ
1498 2559 1620 2602 **ab
1651 2560 1733 2615 Pu
1759 2565 1807 2602 11

112 2618 319 2673 absquae
370 2616 413 2659 V
438 2618 453 2671 ΙΙ
475 2616 859 2660 aminiculatione
911 2615 970 2670 V,
1016 2616 1412 2659 amminicultione
1457 2615 1510 2658 N
1543 2618 1590 2670 (a
1624 2616 1762 2672 corr.)
1787 2616 1808 2670 {l

113 2700 289 2756 valent]
313 2699 451 2756 cupio
474 2684 568 2754 q¹bd
597 2700 654 2744 N
677 2704 823 2744 cetera
853 2699 1018 2744 deswnt
1045 2713 1188 2756 usque
1215 2699 1348 2744 nulla
1375 2700 1572 2756 litteral!
1598 2704 1648 2744 15
1662 2698 1694 2743 f.
1723 2700 1812 2742 hoc

112 2756 591 2857 etisztglecorosum
635 2756 728 2800 Vin
761 2769 874 2813 πτας
904 2757 1100 2801 estenim
1131 2759 1177 2801 P
1205 2758 1221 2813 ΙΙ
1253 2762 1304 2801 17
1335 2757 1513 2801 1101111111
1541 2755 1637 2800 PV
1661 2757 1676 2812 ΙΙ
1706 2769 1811 2800 8011-

131 2828 196 2858 -an
340 2845 350 2856 .
