1980 3134
200 82 271 135 48
590 78 848 124 VIRGILII
877 79 1151 124 MARONIS
1180 78 1508 123 EPITOMAE.
1551 139 1560 145 θ

203 210 284 260 est
309 207 442 259 aliut
466 224 761 276 pronomen
785 209 1061 272 neutrum,
1103 205 1243 274 quod
1268 209 1477 274 praeter
1500 206 1891 260 nominatiuum

203 278 374 330 solum
411 277 616 330 nullam
653 276 1062 329 declinationem
1099 276 1262 330 habet
1297 279 1356 328 ut
1392 293 1502 330 mos
1538 277 1593 329 id
1631 279 1712 330 est
1739 278 1888 331 aliut.

202 351 328 400 sunt
376 348 464 416 qui
509 364 764 416 personas
803 346 1158 415 coniungunt,
1204 346 1394 416 quibus
1431 347 1579 399 nullo
1615 347 1772 400 modo
1810 364 1893 400 ac-

206 417 583 487 quiescendum
630 419 712 469 est
757 420 818 469 ut
853 434 940 485 eqo
977 418 1089 484 ille,
1137 421 1194 470 tu
1229 418 1329 471 ille.
1391 435 1517 469 nam
1554 420 1765 486 praeter
1800 418 1894 470 illa

161 505 182 537 5
205 488 550 557 pronomina,
579 505 714 556 quae
740 488 886 540 omni
909 505 1166 556 personae
1191 488 1542 554 conueniunt,
1570 487 1743 540 omnis
1771 505 1891 540 con-

203 558 406 611 iunctio
456 557 581 610 talis
629 557 951 611 exsecranda
1000 560 1095 610 est.
1156 559 1295 612 solus
1341 576 1436 626 per
1483 575 1667 611 omnes
1714 575 1893 611 cassus

203 631 415 697 praeter
468 627 731 696 pluralem
786 628 1086 697 genitiuum
1133 628 1276 681 flecti
1330 628 1502 681 debet.
1578 629 1896 697 pronomina

204 698 522 767 quantitatis
565 700 619 750 et
661 698 936 766 qualitatis
981 698 1393 752 declinationem
1431 699 1512 751 sui
1554 716 1667 752 non
1709 716 1894 751 secun-

205 769 330 820 dum
366 767 607 838 regulam
644 768 1027 821 flectendorum
1062 770 1444 837 pronominum
1482 769 1572 821 sed
1605 769 1896 821 secundum

143 854 183 884 10
206 839 613 891 similitudinem
639 839 966 891 adiectorum
990 839 1266 892 habebunt
1289 842 1349 891 ut
1373 840 1547 906 qualis
1565 840 1704 905 talis,
1725 856 1893 904 quau-

204 914 287 962 tus
331 913 526 963 tantus,
589 909 681 961 sed
727 909 831 962 hoc
878 909 997 962 ideo
1044 910 1261 976 accidit,
1310 910 1434 978 quia
1481 927 1544 961 ex
1580 909 1766 978 primis
1803 910 1896 962 no-

203 979 436 1032 minibus
473 979 701 1032 ueniunt
737 982 798 1032 ut
834 980 1068 1047 qualitas
1104 981 1309 1046 talita-3,
1349 981 1618 1044 quantitas
1657 980 1894 1034 tantitas.

206 1052 333 1102 sunt
370 1052 424 1102 et
460 1050 591 1116 alia,
631 1067 764 1118 quae
802 1068 834 1102 a
871 1050 1187 1118 quibusdam
1212 1050 1338 1103 licet
1363 1051 1662 1118 incongrua
1686 1050 1896 1102 ratione

204 1119 507 1172 introducta
544 1125 669 1173 sunt
704 1123 764 1172 ut
800 1125 1082 1187 quantotus
1118 1125 1371 1184 tautotuS,
1420 1120 1692 1190 genitiuus
1728 1137 1896 1185 quau-

143 1202 183 1234 15
205 1190 361 1243 totius
398 1192 649 1244 tautotius
686 1194 739 1242 et
763 1191 994 1259 reliqua,
1033 1191 1222 1259 quibus
1251 1190 1585 1244 Fabianus
1611 1194 1767 1259 poeta
1791 1191 1896 1243 fre-

204 1263 429 1329 quenter
475 1261 555 1312 uti
602 1260 830 1324 solebat,
878 1261 1017 1313 sicut
1062 1262 1120 1313 in
1167 1261 1392 1330 quodam
1438 1279 1595 1314 uersu
1639 1261 1900 1331 eliganter

203 1331 384 1399 posuit
420 1335 699 1395 quantotac
735 1335 855 1384 tuae
890 1335 1076 1385 touaut
1110 1333 1436 1386 carminibus
1459 1331 1676 1385 Iuliane
1710 1347 1899 1386 uxores

205 1404 375 1468 aptae.
438 1403 563 1453 sunt
610 1402 701 1470 qui
737 1404 934 1469 putant
972 1402 1301 1456 deminutiua
1336 1403 1422 1454 uel
1459 1402 1745 1455 diriuatiua
1781 1419 1899 1471 pro-

204 1471 426 1523 nomina
461 1489 619 1540 posse
662 1472 949 1540 repperiri,
1000 1491 1223 1541 quorum
1268 1491 1367 1542 ego
1415 1473 1751 1541 opinionibus
1798 1477 1899 1525 nec

143 1556 185 1588 20
209 1544 458 1594 contraeo
495 1559 596 1594 nec
634 1546 816 1610 aperte
854 1542 1134 1596 adsentior.
1190 1543 1524 1596 deminutiua
1560 1546 1688 1595 sunt
1723 1546 1784 1596 ut
1818 1560 1898 1597 so-

208 1612 346 1665 lutus
390 1612 587 1665 uitulus
621 1613 818 1666 uuubus
863 1614 1078 1682 totulu33
1128 1613 1411 1666 diriuatiua
1458 1616 1583 1666 sunt
1619 1616 1680 1666 ut
1715 1614 1900 1668 mealis

208 1683 369 1736 tualis
385 1683 552 1736 sualis
576 1684 825 1736 nostratis
841 1685 1087 1737 uestralis
1106 1685 1355 1738 alteratis.
1393 1684 1716 1753 pronomina
1736 1702 1767 1736 a
1788 1683 1900 1753 qui-

209 1752 433 1804 busdam
468 1771 564 1821 pro
589 1753 766 1806 uerbis
795 1753 854 1805 in
879 1755 1084 1822 quassis
1109 1754 1462 1823 ponebantur,
1503 1754 1645 1822 quod
1673 1754 1898 1807 delerra-

208 1824 377 1875 menti
423 1824 542 1876 uice
589 1824 765 1892 potuit
810 1824 1060 1893 iudicari,
1112 1842 1231 1877 cum
1274 1825 1433 1877 etiam
1470 1824 1643 1893 prima
1677 1825 1900 1877 nomina

144 1906 187 1939 25
209 1893 385 1945 uerbis
430 1896 707 1962 nequeunt
753 1893 1023 1946 anteferri.
1083 1895 1192 1964 legi
1236 1895 1295 1946 in
1333 1895 1558 1963 quodam
1597 1893 1899 1963 Sibyllae

209 1962 574 2033 Garginiensis
612 1963 791 2016 libello
829 1966 1031 2030 templis
1065 1966 1223 2032 iuque
1241 1966 1535 2033 parietibus
1567 1966 1714 2019 dium
1738 1967 1896 2020 iunu-

321 2121 360 2159 3.
392 2116 508 2162 Exc.
540 2117 685 2161 Beru.
716 2120 823 2174 194,
855 2121 904 2162 6.·
937 2118 1056 2162 Sunt
1085 2118 1167 2173 qui
1195 2132 1417 2175 personas
1449 2144 1501 2150 —
1531 2120 1586 2162 ut
1615 2131 1703 2175 ego
1733 2120 1786 2163 tu
1814 2118 1895 2163 ille

207 2197 261 2204 —
293 2173 376 2216 est.
503 2178 541 2217 7.
572 2173 685 2218 ibid.
711 2186 761 2229 p.
793 2177 900 2227 195,
930 2176 1014 2219 28.-
1058 2175 1341 2219 Pronomina
1378 2175 1657 2231 quantitatis
1696 2200 1749 2207 —
1787 2187 1897 2232 pro-

206 2228 397 2272 nomina
426 2254 480 2261 —-
510 2229 637 2283 quod
666 2256 720 2262 —-
750 2232 959 2275 tantitas.

322 2374 461 2412 2-14
492 2370 640 2414 solum
669 2372 847 2415 nullam
878 2372 918 2419 d.
943 2371 989 2416 h.
1023 2371 1145 2415 solus
1175 2386 1221 2428 p.
1244 2383 1284 2415 o.
1306 2383 1346 2414 c.
1370 2385 1454 2427 per
1484 2371 1592 2428 gent
1620 2373 1675 2426 pt
1695 2372 1803 2414 sunt
1824 2372 1899 2426 (iu

209 2437 294 2480 my.
327 2426 376 2468 et
406 2425 498 2469 alia
528 2441 619 2486 que
648 2428 697 2471 in
727 2443 812 2472 usu
842 2442 935 2472 non
965 2429 1095 2482 sunt)
1124 2427 1180 2472 N
1202 2428 1410 2483 sequitur
1438 2428 1490 2470 ut
1520 2428 1772 2483 quantotus
1801 2428 1816 2483 ΙΙ
1848 2432 1901 2471 14

209 2481 473 2536 genetivus,
516 2486 564 2526 et
592 2483 674 2528 rel.
705 2497 789 2529 om.
823 2484 878 2529 N
899 2485 915 2540 ΙΙ
946 2487 998 2526 16
1028 2484 1149 2528 sicut
1177 2483 1392 2528 fabianus
1421 2484 1472 2527 in
1502 2483 1705 2538 quodam
1735 2495 1900 2527 vorsu*

213 2543 278 2587 (m
309 2538 439 2593 eras.)
477 2538 533 2582 N
556 2540 571 2594 ss
603 2544 655 2583 17
679 2545 783 2596 post
821 2540 1075 2595 quantotae
1116 2553 1211 2586 ras.
1249 2542 1363 2584 4-5
1398 2541 1487 2584 litt.
1523 2540 1577 2583 iu
1612 2539 1670 2584 N
1705 2541 1720 2595 ΙΙ
1754 2551 1898 2583 uxore

209 2591 256 2634 P
276 2593 292 2647 ΙΙ
317 2597 367 2636 18
389 2594 528 2649 aptae
550 2597 658 2639 sunt
683 2597 741 2642 N
754 2598 769 2653 ΙΙ
795 2602 958 2642 18-20
986 2598 1095 2640 sunt
1121 2596 1412 2640 deminutiva
1440 2598 1483 2653 (e
1507 2609 1564 2640 ex
1587 2595 1620 2651 i)
1642 2597 1695 2638 ut
1725 2595 1899 2639 solulus

210 2647 268 2691 N
281 2649 296 2702 ΙΙ
319 2654 372 2692 20
400 2650 598 2694 solu*lus
618 2653 664 2696 P
684 2654 700 2709 ΙΙ
722 2659 773 2697 21
805 2653 1010 2696 totu-lus
1037 2653 1093 2697 N
1107 2654 1123 2709 ΙΙ
1145 2652 1407 2697 derivativa
1433 2655 1476 2709 (e
1498 2652 1604 2704 exi)
1625 2651 1680 2695 N
1696 2652 1711 2707 Η
1732 2656 1899 2694 22-23

210 2704 320 2746 sunt
350 2706 431 2768 qui
459 2709 737 2762 pronomina
766 2724 810 2766 p.
831 2724 875 2753 v.
896 2708 944 2752 in
975 2722 1091 2764 quas
1121 2710 1182 2752 sis
1212 2709 1451 2765 ponebant
1478 2708 1534 2753 N
1548 2708 1564 2763 ΙΙ
1585 2712 1639 2751 24
1655 2707 1685 2751 f.
1718 2708 1915 2761 quod—7

209 2760 434 2804 anteferri
470 2775 553 2806 om.
582 2765 639 2809 N
661 2766 676 2821 ΙΙ
705 2770 759 2810 25
796 2765 906 2808 sibae
936 2765 1002 2819 P,
1044 2777 1126 2812 om.
1156 2765 1212 2810 N
1233 2765 1252 2822 Π
1280 2770 1332 2809 26
1372 2763 1688 2821 carginiensis]
1719 2775 1801 2807 om.
1833 2762 1899 2816 N,

211 2815 318 2868 fort.
354 2816 748 2875 Carthaginiensis
769 2822 784 2877 ΙΙ
806 2822 1096 2878 parientibus
1125 2821 1186 2869 N.
