1980 3134
204 37 306 90 164
577 34 835 81 VIRGILII
864 35 1139 81 MARONIS
1169 35 1518 84 EPISTOLAE.

200 164 335 231 cipio
364 163 573 230 quidem
600 162 848 231 inquiens
876 163 1178 217 contuebilis
1204 164 1434 216 mundus
1463 164 1530 218 ab
1561 166 1895 219 incontuebili

191 237 444 302 potestate
474 237 678 287 creatus
689 272 702 299 ,
740 233 844 286 sole
877 237 926 287 et
950 234 1080 287 luna
1105 234 1344 287 omnibus
1368 235 1527 287 etiam
1551 237 1710 288 astris
1731 237 1896 288 uaria

193 305 409 372 pictura
453 304 838 371 splendentibus
882 308 1103 358 ornatus
1114 343 1128 370 ,
1175 305 1461 357 nascituris
1504 306 1565 357 in
1609 322 1664 358 eo
1701 310 1895 359 morta-

202 375 338 428 libus
379 390 560 427 sensus
607 373 994 427 loculentissimi
1040 375 1343 428 conlaturus
1390 375 1804 445 adapertionem,
1852 379 1900 429 et

157 468 179 501 ⁵
200 446 261 497 in
315 446 551 497 omnium
603 445 710 512 sine
761 445 1097 498 resoluendus
1151 449 1246 499 aut
1297 445 1457 498 etiam
1511 445 1896 512 reformandus.
1979 503 1980 506 Ἴ

201 513 351 567 uides
403 531 614 566 omnem
662 517 930 567 texturam
977 514 1198 567 huiusce
1254 515 1430 584 operis
1476 533 1572 583 per
1617 516 1898 584 participia

201 584 487 637 uerborum
540 585 658 636 1060
714 586 889 653 posita
944 585 1212 639 directam.
1287 588 1341 638 et
1387 585 1522 638 haec
1572 585 1897 638 consuetudo

200 658 414 707 uetusta
457 655 634 707 tenuit
678 654 1050 708 fortitudinem
1095 673 1191 724 per
1236 655 1432 708 multas
1478 656 1694 709 Africae
1738 659 1898 725 atque

200 725 448 796 Europae
493 725 826 794 prouinciaS,
876 728 937 778 ut
971 726 1255 795 participia
1290 743 1388 794 pro
1427 727 1606 779 uerbis
1643 727 1781 779 sumi
1818 744 1898 779 so·

138 821 180 853 10
201 795 363 848 leant.
429 796 520 848 sed
558 813 685 864 noS,
723 797 917 867 quibus
955 796 1055 849 hoc
1092 797 1360 849 scribendi
1398 797 1635 849 studium
1659 815 1690 850 a
1716 797 1898 850 docto-

199 866 348 918 ribus
402 866 602 918 nostris
651 837 763 919 11011
812 870 892 919 est
939 866 1221 934 traditum,
1274 870 1335 918 ut
1380 866 1526 919 aliud
1574 885 1672 935 pro
1720 867 1898 920 uerbis

200 937 378 1006 legere
425 939 517 989 aut
563 937 794 989 scribere
837 937 1127 1006 soleamne,
1175 938 1506 1005 requiramus
1553 940 1735 990 utrum
1782 938 1898 1006 quis

201 1007 546 1076 antiquorum
582 1010 826 1076 patrum,
877 1025 1097 1076 quorum
1138 1007 1400 1059 contraire
1440 1007 1698 1060 doctrinis
1734 1008 1899 1060 maxi-

201 1095 348 1129 mum
382 1078 536 1130 nefas
573 1080 676 1143 est,
716 1078 1055 1147 participium
1093 1095 1346 1158 umquam
1361 1095 1480 1157 ‘pro
1519 1078 1682 1130 uerbo
1719 1096 1899 1147 sump-

140 1171 181 1204 15
204 1147 333 1200 serit
369 1151 462 1200 aut
499 1150 633 1200 sumi
670 1149 1017 1217 praeceperit.
1086 1147 1230 1217 quod
1268 1148 1313 1200 si
1356 1148 1752 1213 inueneremuS,
1801 1166 1899 1201 nos

203 1235 413 1287 quoque
450 1219 650 1271 imitari
687 1219 957 1271 sententia
996 1221 1098 1286 est,
1138 1218 1263 1271 licet
1299 1218 1633 1286 prohibuisse
1667 1237 1767 1272 nos
1793 1236 1900 1271 me-

201 1289 515 1341 minerimus
562 1289 786 1341 uerbum
824 1307 889 1341 ex
925 1289 1209 1358 participio
1249 1288 1392 1341 effici
1427 1306 1610 1358 posse3
1660 1293 1899 1342 nostram

201 1363 383 1412 tamen
419 1359 804 1412 inmotabimus
843 1359 1238 1412 diffinitionem.

345 1428 545 1483 Uerum
583 1433 764 1483 utrum
799 1430 1141 1499 participium
1178 1429 1468 1483 secundum
1505 1429 1782 1482 nominum
1816 1447 1898 1482 re-

140 1523 182 1554 20
203 1500 355 1570 gulas
403 1500 804 1569 conparationis
851 1501 1048 1569 gradus
1094 1500 1341 1569 recipiat,
1393 1500 1705 1568 diligentius
1751 1499 1899 1552 inda-

203 1571 439 1642 gandum
487 1574 583 1626 est.
656 1589 785 1623 nam
831 1571 988 1624 multi
1033 1571 1362 1624 arbitrantur
1406 1571 1751 1639 participium
1787 1588 1898 1623 non

203 1659 361 1710 posse
398 1641 616 1694 omnino
653 1642 961 1710 conparari,
1002 1659 1132 1710 quos
1171 1641 1471 1693 autenticae
1507 1641 1754 1694 lectionis
1780 1659 1898 1693 ren-

203 1712 323 1765 nuit
359 1711 674 1781 amplitudO.
736 1715 901 1765 restat
937 1712 1104 1782 igitur
1140 1715 1200 1764 ut
1235 1711 1476 1792 regulam
1512 1712 1688 1779 illam,
1738 1729 1899 1780 quam

205 1782 472 1835 aduerbiis
511 1800 576 1835 ex
612 1783 898 1851 participio
931 1782 1201 1836 sumendis
1228 1783 1554 1851 possuimuS,
1593 1782 1755 1835 etiam
1782 1799 1898 1851 gra-

141 1872 182 1905 25
206 1853 359 1905 dibus
385 1853 794 1922 participiorum
818 1854 920 1906 rite
947 1854 1409 1922 conparandorum
1433 1856 1726 1905 teneamus.
1783 1870 1899 1921 par-

205 1923 451 1991 ticipium
476 1925 735 1992 temporis
759 1925 1057 1992 praesentis
1083 1923 1342 1976 neutralis
1363 1923 1512 1975 uerbi
1530 1923 1899 1975 indubitanter

203 1993 307 2045 hiis
344 1993 598 2062 gradibus
636 1997 984 2062 conparatur:
1039 1994 1169 2046 dicis
1208 1994 1349 2046 enim
1387 1995 1587 2047 audens
1623 1994 1899 2046 audentior

206 2064 638 2130 audentissimuS,
684 2065 893 2117 instans
927 2066 1214 2118 instantior
1250 2065 1686 2127 instantissimus,
1734 2064 1899 2131 fidens

204 2135 449 2202 fidentior
483 2135 878 2203 fidentissimuS,
928 2151 1077 2202 696113
1113 2135 1339 2202 eqentior
1376 2135 1747 2202 eyentissionus
1823 2134 1897 2186 Sic

142 2226 184 2258 30
207 2210 260 2256 et
305 2204 438 2256 illud
495 2205 701 2271 passini
747 2205 894 2257 uerbi
941 2206 1195 2273 temporis
1242 2205 1539 2272 praeteriti,
1599 2222 1716 2256 cum
1766 2203 1896 2256 dicis

206 2275 382 2328 doctus
426 2276 621 2328 doctior
665 2276 1014 2344 doctissimae,
1056 2278 1287 2343 paratus
1323 2276 1575 2342 paratior
1612 2275 1897 2343 paratissi-

205 2362 347 2410 111113,
387 2346 637 2399 laudatus
674 2346 943 2400 laudatior
980 2346 1392 2399 laudatissimus

322 2562 347 2600 3
377 2555 693 2612 pendantibus
722 2556 779 2601 N
808 2569 922 2603 corr.
954 2556 1062 2599 Mai
1090 2557 1105 2612 ΙΙ
1135 2561 1161 2600 5
1197 2555 1499 2599 resolvendos
1529 2555 1585 2599 N
1608 2556 1623 2610 ΙΙ
1654 2559 1677 2598 7
1713 2554 1899 2618 oposita

206 2611 263 2655 N
278 2613 294 2668 ss
316 2617 342 2657 8
372 2613 544 2657 vestita
575 2613 614 2668 (i
634 2616 766 2666 corr.)
796 2613 853 2656 N
875 2625 990 2657 corr.
1013 2612 1121 2656 Mai
1141 2612 1157 2668 ss
1179 2617 1204 2656 9
1235 2611 1390 2667 Erupe
1410 2611 1467 2655 N
1481 2613 1497 2667 ΙΙ
1518 2610 1775 2674 provintias
1804 2610 1860 2654 N
1873 2610 1894 2666 ΙΙ

211 2673 262 2711 11
301 2668 503 2712 traditus
539 2668 596 2713 N
625 2670 641 2724 ΙΙ
679 2674 731 2713 15
769 2668 1053 2725 praeciperit
1089 2668 1144 2711 N
1175 2669 1191 2724 ΙΙ
1231 2673 1281 2712 16
1321 2667 1505 2711 emitari
1548 2667 1801 2711 sententias
1847 2666 1903 2709 N

208 2735 323 2771 corr
353 2724 543 2781 Hartel,
587 2726 770 2769 mutata
807 2725 1043 2790 sententia
1071 2725 1178 2769 Mai
1207 2725 1222 2780 ΙΙ
1253 2729 1306 2767 22
1343 2723 1535 2767 lectioni
1563 2723 1636 2776 N,
1681 2722 1896 2766 lectionis

209 2779 316 2824 Mai
335 2780 352 2836 ΙΙ
373 2794 505 2824 reum
531 2759 607 2836 N,
640 2781 795 2839 arguit
825 2781 940 2828 coni
971 2781 1078 2825 Mai
1098 2782 1114 2836 ΙΙ
1136 2786 1191 2825 23
1222 2779 1366 2836 quod]
1400 2793 1541 2835 quam
1571 2779 1634 2823 N.
