1980 3134
189 99 291 152 154
561 97 816 143 VIRGILII
846 97 1122 143 MARONIS
1151 97 1502 144 EPISTOLAE.

186 225 476 278 secundum
511 225 642 277 illud
670 228 718 276 A
734 242 933 277 eneae
959 224 1206 278 dicentis:
1246 241 1388 292 reyes
1413 224 1684 278 Romanos
1708 241 1878 292 aequa

186 300 233 349 et
275 313 408 349 uera
462 296 717 349 sententia
770 296 1026 348 credimus
1073 299 1120 348 et
1162 296 1390 365 fidimus.
1461 294 1729 347 sufficeret
1774 295 1880 347 dici

185 367 467 433 credimus,
516 366 622 417 nisi
661 366 786 433 quia
823 365 1147 418 sententiam
1185 365 1451 417 affirmare
1488 365 1676 421 uoluit.
1738 365 1880 417 affir-

187 439 366 489 matur
403 437 564 488 etiam
599 436 702 488 hoc
729 435 937 488 dicendi
962 439 1104 488 statu
1128 436 1303 501 uerbi,
1345 453 1462 488 cum
1490 435 1712 488 dicimus
1737 436 1882 488 uenit

144 526 165 559 5
187 508 362 573 inquit
404 507 506 559 uir.
571 507 674 558 hoc
720 523 818 574 pro
867 505 1223 558 affirmatione
1269 508 1506 573 tantum,
1559 505 1696 558 ratio
1735 506 1880 558 enim

186 577 261 629 sic
299 576 518 628 haberet
552 578 697 629 uenit
731 578 976 643 inquiens
1011 579 1115 630 uir.
1171 576 1263 628 sed
1301 576 1427 644 quia
1464 576 1508 627 si
1545 575 1762 627 modum
1800 576 1878 627 in-

185 646 478 698 dicatiuum
524 647 582 698 in
629 665 738 698 una
785 647 1018 698 dictione
1067 647 1392 715 duplicatur,
1442 649 1636 714 putant
1683 663 1738 698 se
1775 645 1882 697 for-

183 717 376 769 tiorem
417 718 590 769 facere
627 717 975 786 sententiam,
1009 717 1207 770 idcirco
1246 718 1467 769 uerbum
1504 718 1680 784 inquit
1713 717 1880 784 parti-

186 787 345 855 cipali
380 786 540 840 modo
579 790 812 856 ponunt,
853 787 946 840 sed
981 790 1164 840 tamen
1201 805 1321 840 cum
1368 787 1698 854 subponatur
1732 787 1880 855 prius

122 878 163 909 10
186 859 445 924 loquitur:
491 875 619 910 nam
662 860 1066 927 praeposterato
1111 858 1295 911 ordine
1333 857 1599 909 scribendi
1636 857 1712 909 sic
1749 856 1880 909 dicis

182 929 357 996 inquit
390 930 550 981 uenit.

324 998 643 1067 Inchogatio
692 1000 750 1050 in
798 1017 906 1051 una
954 1001 1164 1051 tantum
1211 997 1361 1050 uerbi
1409 997 1585 1049 forma
1629 996 1876 1059 habetur,

185 1086 319 1136 quae
345 1069 520 1121 forma
543 1069 611 1121 ob
637 1068 739 1121 hoc
762 1069 1108 1139 inchogatiua
1134 1069 1348 1132 dicitur,
1377 1068 1503 1135 quia
1526 1068 1876 1135 praeteritum

182 1142 393 1208 tempus
430 1157 540 1191 non
576 1139 794 1207 habeat,
834 1143 895 1192 ut
931 1141 1136 1194 calesco,
1194 1155 1515 1207 quamquam
1552 1137 1709 1190 multi
1733 1137 1877 1190 Lati-

121 1228 162 1261 15
183 1227 372 1261 norum
399 1209 627 1262 diffinite
653 1209 924 1262 affirment
948 1209 1157 1262 nullum
1183 1208 1333 1261 uerbi
1357 1208 1472 1260 fieri
1498 1208 1707 1276 debere,
1736 1209 1878 1276 quod

182 1281 526 1348 praeteritum
572 1282 783 1348 tempus
832 1298 944 1333 non
981 1280 1190 1332 habeat.
1256 1279 1446 1347 quibus
1483 1296 1583 1331 nec
1621 1295 1720 1347 ego
1758 1296 1876 1331 ren-

182 1368 425 1417 nuerem‚
482 1367 601 1402 cum
657 1351 827 1403 multa
882 1350 1139 1402 eiusmodi
1194 1351 1379 1414 uerba,
1438 1367 1571 1417 quae
1625 1348 1878 1401 uidentur

181 1420 552 1489 inchogatiua‚
589 1422 937 1489 praeteritum
961 1424 1172 1489 tempus
1200 1420 1394 1473 habere
1419 1422 1737 1488 cernuntur,
1773 1419 1880 1472 nisi

182 1491 308 1560 quia
354 1490 622 1558 perfectae
669 1492 874 1550 formae
912 1493 1076 1544 uerba
1112 1491 1402 1559 prohibent
1437 1490 1495 1541 in
1532 1507 1716 1542 eorum
1755 1507 1880 1542 con-

117 1581 158 1612 20
183 1561 366 1614 uenire
394 1561 743 1629 sententiam,
783 1580 917 1631 quae
943 1561 1290 1630 praeteritum
1315 1558 1526 1628 teinpus
1554 1560 1658 1612 sibi
1682 1561 1878 1612 rectius

183 1632 484 1684 uendicent.
549 1633 639 1684 sed
666 1650 784 1685 cum
812 1633 914 1685 hoc
939 1633 1047 1684 illis
1073 1632 1451 1699 obiecerimuS‚
1490 1629 1882 1699 responderunt

181 1703 532 1771 praeteritum
577 1706 785 1771 tempus
834 1703 1079 1772 geminae
1127 1702 1481 1754 ordinationis
1528 1701 1704 1753 uerbis
1742 1718 1881 1753 com·

180 1791 341 1825 mune
381 1790 494 1824 esse
533 1774 701 1826 solere
739 1777 798 1826 ut
821 1775 977 1841 floreo
1001 1774 1236 1841 floresco,
1276 1776 1331 1824 et
1354 1772 1568 1839 utrique
1595 1772 1880 1824 conuenire

179 1844 354 1910 florui.
418 1843 506 1895 sed
547 1843 647 1896 hoc
682 1846 808 1912 quia
833 1844 1099 1897 scolarum
1124 1848 1429 1896 nostrarum
1456 1845 1702 1895 auctores
1728 1859 1882 1894 num-

119 1928 160 1963 25
185 1931 342 1982 quam
380 1913 437 1965 in
475 1931 572 1965 usu
608 1914 867 1983 habuere,
914 1915 971 1966 in
1008 1915 1258 1982 ambiguo
1296 1913 1661 1980 relinquentes
1700 1912 1882 1965 docto-

183 2001 303 2035 rum
339 1985 647 2036 nostrorum
685 1986 1005 2037 sententiam
1042 1984 1392 2053 proferemUS,
1434 1983 1577 2051 quod
1611 1982 1775 2034 uerba
1799 1983 1879 2034 in-

183 2053 472 2123 chogatiua
509 2056 798 2122 praeterito
837 2072 1042 2122 semper
1080 2057 1297 2107 careant
1333 2054 1566 2121 exceptis
1603 2052 1707 2104 hiis
1744 2069 1879 2121 quae

182 2124 541 2192 inchogatiuis
567 2125 792 2192 similia,
822 2125 947 2193 quia
970 2125 1134 2177 uerba
1168 2142 1233 2177 ex
1257 2124 1447 2192 quibus
1473 2124 1624 2175 nasci
1651 2123 1880 2175 debeant

182 2212 293 2247 non
342 2195 698 2262 praetendunt
745 2214 800 2247 se
846 2196 1068 2247 habere:
1117 2196 1235 2247 ideo
1286 2193 1630 2262 praeteritum
1667 2196 1878 2261 tempus

117 2281 160 2313 30
182 2265 459 2317 habebunt
494 2268 555 2317 ut
591 2267 823 2334 conpisco
860 2267 1148 2334 conpiscui‚
1199 2281 1437 2333 coynosco
1475 2264 1693 2332 coynoui
1705 2304 1719 2331 ,
1759 2280 1877 2317 eru-

183 2336 320 2388 besco
357 2336 555 2389 erubui.
1393 2381 1397 2384 .

320 2404 480 2458 Nunc
526 2406 785 2474 praelatio
833 2423 928 2459 suo
967 2405 1151 2458 ordine
1187 2404 1435 2475 ponenda
1472 2407 1568 2456 est.
1632 2404 1759 2472 quid
1797 2408 1879 2456 est

183 2477 361 2528 autem
416 2477 675 2544 praelatio
685 2518 699 2542 ,
762 2479 815 2530 et
870 2477 1137 2545 quomodo
1193 2477 1308 2528 sine
1354 2475 1678 2543 postlatione
1722 2474 1879 2526 intel-

182 2545 427 2615 legetur?
483 2546 743 2615 praelatio
793 2564 919 2616 ergo
967 2547 1026 2599 in
1072 2547 1243 2599 modis
1290 2546 1417 2599 solis
1468 2547 1706 2611 constat,
1757 2562 1878 2597 cum

298 2733 349 2771 15
381 2728 582 2772 diffinire
614 2728 684 2783 N,
721 2728 960 2772 definitive
991 2728 1098 2772 Mai
1126 2729 1142 2784 ss
1172 2733 1224 2772 21
1248 2696 1374 2783 afim]
1406 2741 1514 2771 eum
1541 2726 1598 2770 N
1620 2726 1635 2781 n
1667 2730 1719 2768 22
1750 2738 1874 2768 cum-

182 2796 321 2826 mune
353 2782 411 2826 N
434 2785 449 2839 ΙΙ
479 2790 531 2828 23
562 2785 802 2828 conveniri
830 2784 887 2829 N
908 2785 923 2840 ΙΙ
953 2784 1053 2831 261⁶.
1083 2783 1380 2828 inchoativae
1410 2783 1466 2827 N
1481 2785 1496 2838 ΙΙ
1520 2788 1571 2826 -28
1603 2781 1755 2824 simlia
1784 2781 1873 2837 ΝΗ

183 2844 236 2882 30
268 2839 434 2882 erubes
467 2839 627 2895 Ν1133
658 2840 859 2897 inigitur
887 2840 975 2896 ΝΙΙ
998 2846 1052 2885 34
1066 2841 1098 2884 f.
1130 2853 1232 2884 com
1263 2841 1423 2883 modos
1454 2839 1515 2884 N.
