1980 3134
162 53 262 104 174
540 51 796 96 VIRGILII
825 51 1099 97 MARONIS
1129 51 1476 100 EPISTOLAE.

158 197 317 247 quam
368 179 654 230 necessarii
699 181 920 246 propter
965 180 1199 248 tegenda
1243 180 1483 232 misteria
1532 183 1586 233 et
1629 185 1852 250 propter

156 250 577 317 experimentum
616 248 884 301 docendae
919 248 1074 301 huius
1100 249 1398 302 latinitatis.
1462 249 1594 303 haec
1620 254 1683 304 de
1708 253 1851 305 inus-

155 320 327 372 sitatis
363 318 850 388 praepositionibus
877 318 1018 371 dicta
1044 319 1339 385 sufficiant3
1378 338 1522 373 nunc
1547 321 1614 373 ad
1638 328 1850 375 nostras

154 390 430 442 redeamus
468 406 604 457 quae
642 389 700 440 in
736 407 835 441 usu
872 407 1079 457 semper
1117 394 1258 442 sunt.

111 480 131 511 5
295 459 458 513 Nulla
494 459 819 527 praepositio
857 460 1039 511 debuit
1075 461 1133 511 in
1171 461 1207 513 d
1234 460 1411 524 finire,
1449 461 1554 513 nisi
1581 462 1722 529 quod
1747 479 1848 515 nos

153 530 439 582 necessitas
479 530 624 598 cogit
671 529 1139 582 discernendorum
1175 531 1356 599 utique
1392 531 1641 583 sonorum
1681 534 1846 585 maio-

151 618 270 652 rum
319 600 453 652 scita
499 600 817 668 transgredi.
879 618 1006 652 nam
1046 600 1169 668 quia
1206 600 1514 653 aduerbium
1552 603 1610 653 in
1646 607 1668 654 t
1705 603 1848 655 exire

154 671 509 723 certissimum
548 673 629 722 est
665 671 750 722 uel
790 672 1239 734 coniunctionem,
1290 679 1349 724 ut
1385 673 1471 736 ad,
1512 673 1752 741 cogimur
1789 674 1847 725 in

151 741 545 809 praepositione
592 741 894 794 adscribere
940 758 1035 809 per
1072 742 1119 794 d.
1183 759 1306 793 nam
1345 745 1402 794 at
1437 742 1721 810 aliquoties
1759 744 1847 795 ad-

90 836 127 868 10
150 811 394 863 uerbium
439 812 693 879 temporis
739 815 819 863 est
862 812 1185 879 praesentiS,
1239 813 1387 864 iuxta
1439 812 1573 864 illud
1622 812 1846 882 Uirgi-

149 882 428 934 lianum:
477 886 535 935 at
568 883 762 949 peryite
799 884 872 935 ad
897 882 1297 950 proeliandum,
1345 882 1402 934 id
1439 891 1520 934 est
1554 899 1695 936 nanc
1721 901 1845 951 per-

145 955 264 1020 yite.
331 955 463 1020 aput
510 956 689 1005 autem
726 970 822 1021 per
859 956 881 1004 t
916 970 1124 1020 semper
1162 952 1324 1004 scribi
1361 953 1544 1005 debet:
1592 954 1683 1005 sed
1721 955 1847 1022 quia

150 1024 297 1090 apud
330 1040 527 1074 nomen
565 1023 815 1075 scribitur
851 1022 1091 1075 neutrale
1128 1022 1264 1092 ligni
1296 1022 1502 1075 scilicet
1532 1023 1698 1091 illius,
1739 1041 1845 1093 quo

148 1093 422 1146 tundenda
469 1111 706 1162 quaeque
753 1093 841 1145 uel
877 1095 1051 1145 terrae
1089 1093 1399 1145 iniectanda
1435 1093 1721 1158 feriuntur,
1769 1095 1844 1146 id-

85 1189 125 1221 15
149 1164 288 1216 circo
327 1167 457 1231 aput
492 1181 586 1231 per
623 1165 658 1216 d
693 1164 924 1216 scribere
961 1164 1206 1217 solemus

288 1233 436 1286 Inter
473 1235 547 1287 cis
584 1238 638 1286 et
674 1235 810 1288 citra
845 1233 948 1286 hoc
985 1234 1237 1302 interest,
1278 1233 1417 1302 quod
1454 1235 1528 1287 cis
1565 1233 1629 1286 ad
1665 1235 1843 1302 proxi-

146 1305 369 1356 miorem
406 1305 722 1372 interposito
760 1305 1037 1357 dumtaxat
1072 1309 1254 1356 monte
1292 1305 1379 1356 uel
1415 1304 1660 1371 flumine,
1707 1307 1844 1360 citra

144 1392 273 1427 uero
322 1375 387 1427 ad
435 1376 734 1444 longiorem
781 1376 1019 1443 pertinet
1064 1375 1264 1438 locum,
1315 1374 1457 1426 unde
1506 1377 1559 1427 et
1595 1376 1844 1427 citeriora

146 1449 200 1498 et
246 1445 494 1514 longiora
546 1446 810 1498 dicuntur.
873 1449 1026 1499 trans
1071 1462 1195 1497 uero
1233 1445 1299 1497 ad
1335 1448 1617 1513 utrumque
1654 1446 1843 1497 referri

82 1544 123 1575 20
146 1518 343 1585 potest,
383 1516 510 1568 licet
548 1516 903 1583 motabiliter,
941 1517 1043 1568 hoc
1083 1520 1163 1567 est
1188 1518 1245 1567 in
1271 1516 1502 1568 transitu
1526 1518 1740 1568 tantum
1765 1517 1841 1568 sic

146 1587 453 1655 accipiatur.
514 1605 641 1638 nam
689 1587 1007 1655 quicumque
1056 1586 1287 1638 scribere
1337 1586 1423 1638 uel
1470 1587 1630 1638 etiam
1669 1586 1841 1639 dicere

145 1657 343 1710 audent
409 1658 614 1725 aliquos
674 1658 938 1712 habitasse
998 1661 1150 1710 trans
1209 1674 1383 1723 mare,
1457 1673 1565 1708 non
1626 1657 1841 1709 incaute

142 1731 356 1780 tantum
394 1728 486 1780 sed
522 1728 751 1796 pessime
788 1745 849 1780 ac
886 1727 1284 1795 peruersissime
1323 1727 1523 1779 dicunt.
1580 1729 1659 1780 ita
1696 1727 1839 1780 enim

143 1798 307 1850 ordiri
345 1798 502 1851 debet
541 1799 890 1865 sententiam,
929 1802 988 1850 ut
1026 1798 1232 1850 dicatur
1269 1802 1421 1852 trans
1453 1814 1601 1851 mare
1632 1799 1842 1851 uadunt

79 1894 120 1927 25
143 1869 229 1921 uel
266 1871 516 1934 aemant;
563 1869 806 1923 habitant
843 1872 1016 1922 autem
1058 1870 1133 1922 cis
1167 1885 1316 1922 mare
1351 1868 1436 1921 ael
1472 1869 1623 1921 citra.
1697 1868 1840 1920 inter

141 1940 285 1992 altra
323 1942 377 1991 et
413 1940 548 1993 cibra
585 1957 693 1991 non
731 1956 896 2007 parua
934 1939 1190 1992 distantia
1216 1943 1321 1991 est:
1360 1956 1485 1990 nam
1512 1940 1648 1992 citra
1674 1939 1836 1991 etiam

142 2009 342 2062 montis
389 2010 476 2061 uel
521 2009 757 2060 fluminis
802 2010 1087 2062 interiectu
1133 2009 1237 2061 dici
1273 2011 1478 2077 potest3
1526 2009 1672 2062 ultra
1708 2026 1836 2060 uero

141 2081 205 2132 ad
263 2080 451 2132 ultima
507 2080 593 2132 uel
645 2080 1003 2132 remotissima
1057 2080 1178 2131 loca
1232 2079 1317 2131 uel
1371 2078 1580 2130 deserta
1629 2096 1838 2147 semper

140 2150 387 2203 refertur.
450 2151 592 2202 iuter
642 2151 834 2217 absque
883 2153 938 2202 et
983 2151 1096 2203 sine
1143 2149 1282 2201 hanc
1319 2152 1526 2201 ueteres
1563 2150 1839 2217 ponebant

76 2246 117 2278 30
141 2221 541 2286 discretionem,
605 2220 744 2289 quod
797 2222 910 2274 sine
965 2237 1174 2288 semper
1227 2219 1286 2271 in
1341 2219 1539 2272 bonam
1593 2220 1837 2271 ferebant

141 2296 370 2360 partem,
409 2292 602 2358 absque
629 2294 805 2343 autem
830 2292 887 2343 in
914 2291 1134 2359 malam,
1169 2293 1230 2342 ut
1253 2291 1363 2343 sine
1378 2294 1614 2357 peccam,
1644 2291 1837 2357 absque

139 2363 420 2430 sapientia.
478 2362 568 2415 sed
606 2361 708 2414 hoc
747 2362 1216 2414 obseruamentum
1252 2361 1519 2428 utrimque
1554 2360 1836 2413 confusum

140 2438 236 2484 est.
298 2450 410 2484 non
459 2435 636 2485 autem
681 2432 812 2484 satis
851 2435 1053 2485 certum
1091 2434 1173 2484 est
1208 2434 1516 2483 utrumnam
1552 2433 1836 2499 utrumque

139 2506 362 2570 utroque
401 2502 505 2555 dici
543 2503 714 2571 possit
748 2503 934 2570 modo,
973 2521 1041 2554 an
1080 2501 1257 2570 potius
1297 2501 1618 2569 scriptorum
1658 2518 1836 2553 errore

253 2690 277 2728 3
309 2684 470 2729 nostra
493 2685 624 2741 N117
656 2686 704 2728 te
734 2684 791 2728 N
805 2685 820 2740 ΙΙ
844 2689 894 2728 11
927 2697 981 2728 ac
1012 2683 1068 2728 N
1091 2695 1205 2728 corr.
1235 2682 1343 2727 Mai
1363 2684 1379 2739 ΙΙ
1405 2688 1455 2727 18
1485 2682 1711 2726 ceteriora
1740 2681 1797 2725 N
1808 2681 1830 2737 ΙΙ

141 2745 194 2783 26
224 2753 375 2796 paura
404 2741 474 2795 N,
508 2755 661 2796 pauca
690 2742 791 2786 Mai
811 2742 827 2797 ΙΙ
849 2746 900 2785 31
934 2740 1007 2797 ut]
1043 2742 1091 2784 et
1120 2739 1177 2783 N
1191 2741 1206 2795 ΙΙ
1227 2745 1283 2783 34
1313 2740 1591 2795 scriptorum
1623 2741 1671 2791 (u
1703 2751 1758 2782 eoe
1788 2739 1831 2792 e)

139 2796 196 2840 N
211 2797 226 2852 11
250 2810 451 2840 errorem
483 2797 545 2841 N.
