1980 3134
203 119 268 171 78
593 115 845 160 VIRGILII
874 114 1150 160 MARONIS
1181 114 1504 162 EPITOMAE.

200 243 265 296 de
310 244 419 295 sole
464 260 718 311 maynum
767 243 945 311 inquit
989 244 1274 307 luminare,
1325 244 1463 309 quod
1507 246 1668 296 totum
1703 246 1894 299 circuit

194 314 375 381 polum
419 315 495 367 sol
544 332 671 380 «αφ,
749 313 849 365 hoc
897 315 1076 381 posuit
1119 315 1287 382 <pro>
1335 314 1658 366 nominatur.
1732 315 1891 367 multi

198 387 475 453 praeterea
513 384 578 436 ad
615 384 714 435 hoc
752 383 1004 435 scindunt
1038 383 1190 452 fona,
1237 386 1298 435 ut
1335 401 1398 435 ea
1433 400 1528 451 per
1565 383 1794 451 syllabas
1831 386 1891 439 in

201 454 449 523 quasdam
466 457 605 506 artes
627 471 923 521 conponere
945 471 1006 506 ac
1027 453 1254 523 dirigere
1275 453 1529 505 nitantur.
1568 456 1629 505 ut
1647 454 1889 508 Lucius

156 539 177 571 5
201 524 264 576 de
300 525 534 592 nomine,
571 540 758 577 women
794 523 970 592 inquit
1004 525 1064 576 in
1087 525 1263 577 modos
1287 525 1589 577 scindamus
1615 525 1806 578 latinos
1829 529 1891 578 ut

199 612 334 659 mon,
375 594 515 662 quod
542 597 623 647 est
659 594 873 663 signum
911 612 1155 662 grecum,
1193 611 1345 646 nomo
1379 611 1527 647 mone
1565 611 1695 648 enne
1730 599 1784 648 et
1809 615 1888 650 ar.

340 664 482 717 Scire
534 665 783 717 debemus
830 665 968 732 quod
1018 664 1187 716 multa
1234 664 1429 716 artium
1476 665 1713 716 omnium
1759 666 1890 718 fona

198 735 366 787 latina.
410 734 724 803 filosophica
770 735 1056 787 motauerit
1093 735 1256 801 rati03
1317 735 1454 787 sicut
1490 735 1546 786 in
1581 735 1758 788 uerbis
1805 736 1889 788 in-

198 806 440 858 uenimus
478 806 565 856 uel
603 805 955 857 adiectionem
993 805 1313 874 superfluam
1350 805 1436 856 uel
1474 805 1889 858 diminutionem

134 886 175 918 10
200 875 626 943 corruptibilem:
677 874 1027 928 adiectionem
1077 893 1196 928 cum
1240 877 1564 942 royauissem
1612 876 1698 927 uel
1734 893 1889 944 roya-

197 948 333 999 uisse
386 963 482 1025 pro
536 962 798 1014 royassem
850 949 903 998 et
949 962 1158 1013 royasse
1207 946 1413 997 adiecta
1464 945 1639 997 media
1687 946 1891 1014 syllaba

196 1019 562 1085 repperiamus
599 1016 846 1082 inscribi,
893 1016 1299 1068 diminutionem
1337 1033 1454 1067 cum
1493 1016 1667 1067 media
1704 1017 1889 1069 itidem

197 1087 401 1156 syllaba
447 1087 684 1139 detracta
731 1056 996 1139 scribatur
1030 1090 1290 1154 royarunt
1325 1103 1420 1154 pro
1456 1091 1779 1154 royauerunt
1814 1087 1888 1140 sic

195 1161 454 1225 rogarant
475 1174 571 1225 pro
595 1162 920 1225 royauerant
945 1160 998 1209 et
1021 1158 1227 1224 royarit
1249 1174 1346 1224 pro
1371 1159 1652 1224 royazterit.
1713 1154 1890 1210 solent

134 1237 174 1269 15
198 1229 361 1279 etiam
410 1226 653 1280 rhetores
706 1227 1184 1279 mensurandorum
1240 1227 1433 1294 pedum
1480 1229 1888 1296 temporumque

195 1298 371 1367 gratia
417 1298 621 1366 aliquas
670 1298 899 1367 syllabas
938 1298 995 1349 in
1034 1297 1201 1349 modis
1239 1297 1457 1365 addere,
1513 1301 1572 1349 ut
1607 1297 1740 1349 illud
1778 1302 1884 1351 est:

193 1369 268 1421 rii
314 1369 579 1421 uoluimus
621 1369 853 1421 ionicum
902 1368 1225 1436 nauiyabere
1265 1371 1514 1435 pontum,
1562 1367 1661 1420 hoc
1705 1370 1889 1436 posuit

195 1455 291 1507 pro
316 1439 594 1506 nauiyare.
633 1439 776 1491 idem
801 1438 930 1490 alibi
953 1439 1175 1505 flamma
1196 1455 1391 1491 aurum
1412 1455 1613 1491 accensa
1605 1439 1888 1506 probabat

195 1510 419 1573 camini,
458 1526 555 1576 pro
585 1513 793 1575 probat.
852 1512 1177 1561 consuerunt
1215 1508 1372 1560 etiam
1408 1509 1629 1561 nomina
1654 1509 1740 1560 uel
1766 1527 1887 1577 pro-

132 1589 174 1621 20
196 1580 416 1631 nomina
451 1579 567 1630 aliis
603 1579 772 1632 literis
797 1579 958 1648 longe
984 1579 1088 1631 alio
1115 1597 1273 1647 quam
1299 1578 1482 1631 debuit
1505 1579 1682 1648 legere
1708 1580 1885 1644 modO,

193 1652 254 1701 ut
292 1649 482 1702 bonum
524 1650 662 1730 quod
699 1651 839 1702 esset
875 1651 1127 1714 humum,
1168 1653 1221 1701 et
1259 1666 1356 1717 ayo
1386 1667 1481 1718 pro
1517 1667 1629 1717 390,
1671 1667 1804 1718 quae
1829 1651 1887 1702 in

192 1719 375 1771 multis
412 1720 726 1772 inuenimus.
789 1719 946 1771 multi
982 1720 1107 1772 huic
1143 1719 1448 1788 pronomini
1486 1690 1629 1771 aliud
1666 1737 1881 1787 nomen,

194 1791 334 1858 quod
396 1789 566 1842 literis
612 1791 786 1859 magis
833 1791 903 1842 sit
956 1791 1286 1858 proximum,
1342 1789 1525 1841 indere
1572 1790 1886 1842 uoluerunt.

192 1862 333 1912 mius
376 1861 478 1913 mei
522 1860 676 1924 mihi,
729 1862 831 1912 hoc
878 1878 976 1929 pro
1015 1878 1121 1928 690.
1192 1878 1288 1928 per
1336 1859 1512 1912 uarias
1550 1860 1886 1912 latinitatum

128 1941 171 1973 25
191 1929 616 1998 multifariasque
664 1930 990 1983 differentias
1039 1931 1158 1998 quis
1205 1930 1406 1982 ambire
1453 1930 1713 1998 potuerit,
1766 1949 1886 1984 cum

191 2003 304 2052 tam
342 2000 541 2052 multae
578 2001 715 2068 sint,
755 2003 816 2053 ut
852 2004 1123 2069 nequeant
1159 1999 1467 2053 numerari?

336 2070 535 2123 Omnes
573 2074 750 2139 partes
788 2071 1046 2124 orationis
1084 2070 1253 2123 scindi
1290 2071 1487 2123 solent:
1542 2070 1789 2138 nomina,
1827 2074 1887 2124 ut

191 2141 282 2192 ubi
346 2141 416 2193 sit
489 2158 735 2210 remmom,
793 2144 1024 2210 ponatur
1076 2158 1286 2209 yermen
1354 2141 1615 2193 Lucano
1675 2140 1886 2194 dicente

187 2228 398 2279 ycrmen
435 2211 802 2266 Romanorum
846 2215 1043 2264 rectum
1091 2215 1163 2264 est
1199 2212 1300 2263 hoc
1338 2213 1419 2263 est
1453 2228 1688 2278 requam.
1761 2229 1884 2279 pro-

127 2296 170 2329 3ο
192 2282 413 2334 nomina
449 2299 659 2350 quoque
697 2282 1014 2334 scinduntur
1050 2284 1110 2334 ut
1143 2283 1192 2334 si
1227 2299 1323 2350 pro
1359 2283 1407 2334 is
1437 2282 1726 2333 secundum
1753 2281 1884 2333 illud

193 2352 558 2404 Alexandri
581 2353 766 2406 saluus
789 2354 883 2419 sit,
919 2352 968 2404 si
994 2353 1085 2419 qui
1109 2352 1323 2405 contulit
1347 2351 1447 2404 hoc
1474 2353 1556 2403 est
1580 2353 1627 2404 is
1650 2352 1742 2418 qui
1768 2369 1883 2405 con-

190 2424 321 2475 tulit.
379 2423 541 2475 uerba
578 2438 783 2491 quoque
821 2422 1110 2475 scindimus
1148 2425 1208 2474 ut
1244 2423 1377 2476 nodo
1413 2439 1510 2490 pro
1537 2423 1669 2475 dono
1697 2425 1751 2474 et
1772 2423 1883 2490 yelo

302 2609 327 2647 3
357 2602 596 2647 sciendum
626 2604 682 2647 N
704 2606 762 2660 ΙΙ
741 2621 767 2648 ο
797 2604 968 2648 latinus
998 2604 1054 2648 N
1070 2604 1085 2660 ΙΙ
1107 2608 1132 2647 6
1163 2605 1230 2660 ar]
1261 2605 1318 2648 N
1340 2604 1447 2658 fort.
1478 2617 1534 2648 ecc
1564 2608 1634 2646 etr
1655 2605 1670 2659 ΙΙ
1695 2608 1746 2647 15
1775 2604 1880 2648 reh-

189 2687 313 2750 tcres
343 2687 399 2730 N
494 2671 628 2731 edem
648 2688 726 2743 Nl
757 2701 848 2744 que
926 2701 1015 2732 uae
1031 2689 1108 2743 Nl
1102 2689 1118 2744 ss
1142 2693 1192 2732 17
1208 2687 1265 2731 rii
1281 2687 1513 2731 volvimus
1532 2687 1595 2740 N,
1613 2687 1674 2731 M.
1691 2687 1881 2731 Volum-

188 2741 256 2784 nii
275 2754 388 2790 corr
469 2744 519 2786 ai
539 2746 630 2799 11118
659 2745 807 2800 proba
836 2687 990 2799 atffVu
1012 2745 1164 2789 2010n
1202 2757 1230 2786 a
1250 2744 1454 2799 aliquam
1473 2743 1530 2787 N
1544 2743 1560 2798 ΙΙ
1582 2720 1632 2786 ’21
1655 2744 1878 2800 buonum]

188 2798 364 2841 bonum
393 2799 449 2842 N
471 2812 585 2843 corr.
618 2801 725 2843 Mai
745 2801 761 2855 ΙΙ
783 2805 836 2843 22
866 2801 1139 2863 pronomine
1240 2801 1256 2856 ΙΙ
1277 2805 1331 2844 25
1362 2799 1643 2843 deferentias
1671 2799 1726 2843 N
1742 2801 1758 2855 ΙΙ
1780 2813 1878 2843 am—

189 2853 306 2910 bire]
339 2867 511 2898 anuere
548 2855 604 2899 N
620 2857 635 2910 11
657 2861 709 2899 26
739 2870 922 2900 numen
951 2856 1006 2899 N
1023 2859 1038 2912 ss
1061 2862 1115 2900 30
1146 2857 1416 2900 scindantur
1444 2855 1500 2900 N
1516 2857 1531 2911 ΙΙ
1554 2861 1605 2899 32
1638 2855 1780 2912 dono]
1806 2856 1878 2902 do.
