1980 3134
417 105 546 152 XIII.
593 104 675 148 DE
707 103 1198 150 SCINDERATIONE
1228 104 1542 175 EONORUM.
1758 109 1826 162 79

131 249 228 301 pro
267 234 388 300 leyo.
447 232 699 284 aduerbia
723 248 932 300 quoque
958 232 1246 284 secundum
1271 231 1598 285 Hilarium
1626 235 1823 288 locutus

130 319 367 356 summus
411 303 549 367 rhei,
596 319 694 371 pro
740 303 870 354 heri.
931 302 1215 371 participia
1261 320 1469 371 quoque
1507 303 1823 357 scindebant

129 373 447 425 necessitate
511 375 763 442 cogente,
831 374 969 424 sicut
1024 373 1152 426 dicit
1206 374 1438 426 Cicero
1504 375 1822 441 sapientiam

129 460 324 498 ‘manas
359 445 417 496 in
455 447 602 495 actus
646 443 810 495 exerit
844 460 941 511 pro
980 460 1186 497 amans.
1254 444 1654 512 coniugationes
1692 462 1821 513 quo·

130 531 230 582 que
287 514 600 565 scinduntur
655 513 944 565 secundum
999 514 1132 565 illud
1178 513 1526 566 Ciceronis
1574 517 1825 581 quasiunt
1867 531 1890 563 5

128 585 278 637 uiues
322 585 439 636 uita
484 583 691 650 odibili,
741 585 994 650 quasiunt
1037 602 1134 652 pro
1181 586 1443 651 quatiunt.
1508 586 1824 637 scinduntur

130 655 290 706 etiam
335 653 757 722 praepositiones
806 653 1159 706 Terrentio
1211 655 1419 707 dicente
1467 656 1695 722 quidque
1737 656 1823 721 fa-

130 725 322 777 ciemus
367 725 462 778 abs
508 728 554 777 te
602 723 704 776 hoc
753 728 834 775 est
870 724 1042 776 dicere
1081 726 1273 792 absque
1309 729 1354 778 te
1391 727 1520 792 quid
1549 726 1822 792 faciemus.

127 794 258 846 item
304 796 417 848 nesi
452 793 568 847 Deo
613 796 672 847 in
718 794 819 847 hac
862 795 1070 847 uiuitur
1107 797 1310 848 colonia
1352 799 1405 847 et
1440 794 1540 847 hoc
1579 799 1660 848 est
1695 798 1824 849 sine.

127 865 442 917 scinduntur
479 866 640 916 etiam
677 864 1078 917 interiectiones
1116 868 1178 917 ut
1213 870 1328 920 tata
1364 883 1461 933 pro
1498 869 1629 918 atat.
1847 882 1891 914 10

279 934 426 988 Sciat
462 935 827 1003 unusquisque
865 935 1222 987 scindentium
1259 938 1579 1004 peritorum,
1618 936 1760 989 hoc
1745 955 1825 988 111-

128 1006 316 1074 primis
363 1023 547 1057 curare
596 1023 653 1058 se
699 1004 915 1069 debere,
963 1010 1025 1057 ut
1073 1024 1432 1074 quaecumque
1479 1007 1553 1058 sic
1600 1007 1824 1076 scindat,

131 1075 350 1128 soluitio
399 1075 590 1145 probet
628 1075 893 1145 quomodo
931 1076 1164 1129 scindat:
1212 1095 1324 1129 non
1362 1076 1504 1128 enim
1542 1079 1685 1129 recte
1724 1077 1825 1129 sol-

129 1146 276 1199 uitur
314 1165 344 1198 a
381 1163 646 1215 quoquam
670 1149 795 1215 post
820 1146 958 1215 quod
986 1164 1098 1198 non
1124 1149 1266 1199 recte
1293 1147 1655 1215 praeponitur.
1709 1149 1822 1199 tum

128 1217 271 1270 unde
308 1234 469 1285 greca
505 1217 593 1268 uel
631 1216 829 1270 hebrea
865 1218 1090 1269 nomina
1126 1219 1355 1270 uerbaue
1388 1217 1629 1270 scindere
1665 1216 1822 1270 debet
1844 1231 1887 1263 15

129 1290 459 1356 praesumat,
501 1287 624 1358 quia
660 1287 805 1340 hoc
789 1306 846 1339 1n
872 1290 1063 1339 neutra
1087 1288 1275 1357 lingua
1299 1288 1539 1340 habetur.
1591 1286 1822 1340 Cicero

130 1357 338 1410 solebat
374 1357 448 1410 sic
487 1358 728 1410 scindere
765 1357 920 1426 fona,
959 1361 1019 1410 ut
1053 1358 1166 1410 foni
1193 1358 1466 1410 medium
1450 1376 1508 1410 1n
1532 1358 1733 1427 primO,
1773 1362 1826 1410 et

129 1429 370 1481 medium
409 1428 554 1480 aliud
591 1429 649 1480 in
687 1429 920 1480 secundo
959 1432 1186 1496 poneret
1220 1447 1376 1481 uersu
1412 1429 1561 1480 iuxta
1596 1428 1729 1479 illud
1766 1430 1825 1482 in

127 1515 226 1566 que
262 1500 435 1552 cuncti
471 1500 757 1552 manebant
790 1499 950 1552 simul
975 1500 1166 1552 collecti
1192 1501 1287 1552 ·do·
1315 1501 1443 1552 iura
1466 1500 1701 1552 ineuntes
1719 1499 1824 1565 foe-

126 1571 255 1623 dera
280 1571 568 1622 munientes
595 1586 710 1622 mo·
738 1570 841 1621 hoc
868 1573 949 1621 est
973 1570 1033 1621 in
1057 1571 1221 1623 domo.
1270 1570 1515 1622 motabat
1538 1569 1823 1637 aliquando
1845 1581 1889 1613 20

125 1659 220 1693 sua
256 1640 661 1702 consuetudine,
710 1643 770 1692 ut
817 1657 927 1691 non
964 1639 1022 1691 in
1060 1640 1309 1692 clausulis
1344 1643 1586 1707 tantum,
1635 1639 1732 1691 sed
1764 1640 1822 1691 in

125 1710 313 1763 mediis
359 1710 446 1762 uel
494 1711 679 1777 primis
729 1727 853 1779 sepe
900 1710 1140 1762 uersibus
1179 1711 1343 1763 scissa
1390 1711 1648 1762 insereret
1692 1709 1823 1762 fona

129 1780 423 1834 secundum
459 1780 590 1832 illud
629 1781 794 1834 hostes
823 1784 1151 1848 proponunt,
1192 1798 1220 1834 o
1246 1782 1408 1850 ciues,
1449 1781 1551 1833 da·
1594 1781 1822 1848 dextrae,

125 1855 295 1905 uestro
332 1867 489 1904 uersa
513 1852 625 1904 iuri
652 1869 738 1904 ·re·
764 1867 912 1910 uoce,
950 1851 1271 1919 ‚qubernanti
1301 1851 1417 1917 fato
1441 1850 1546 1903 hoc
1576 1852 1657 1903 est
1681 1851 1821 1906 dare.

122 1939 436 1990 rursumque
466 1938 587 1975 Usur
615 1923 691 1975 sol
714 1938 1011 1975 succurrere
1036 1922 1186 1975 clara
1205 1922 1413 1990 fulgens
1438 1923 1546 1975 luce
1578 1938 1667 1989 ··9e
1690 1938 1886 1988 ,cau-o
1843 1931 1886 1964 25

124 1994 271 2046 dium
318 1992 466 2045 ciuili
506 2009 604 2059 pro
647 1993 985 2060 portantibus
1030 1993 1197 2045 salute
1253 1991 1355 2045 hoc
1405 1995 1487 2044 est
1529 2007 1684 2059 surye
1728 1992 1818 2044 sol.

123 2063 224 2116 hoc
259 2063 319 2114 in
357 2062 658 2130 dissyllabis
687 2062 923 2117 Cicero
963 2062 1210 2115 faciebat.
1266 2063 1435 2115 item
1419 2081 1476 2115 in
1502 2059 1820 2141 trissyllabis

124 2134 274 2187 debeo
310 2133 512 2186 ciuibus
536 2150 706 2186 meam
729 2150 839 2186 rem
863 2133 1224 2186 communibus
1250 2134 1385 2200 ·f‘ac·‚
1411 2150 1503 2186 nec
1528 2131 1822 2186 auaritiam

123 2208 279 2258 secter
323 2205 384 2256 in
420 2205 662 2271 propriis
713 2221 794 2257 ·ce·
844 2204 1073 2271 malam,
1124 2220 1227 2256 neu
1270 2204 1524 2271 rapinam
1566 2217 1725 2270 aqam
1760 2203 1822 2255 in

124 2275 349 2328 externis
397 2291 482 2327 ·re·
499 2313 514 2340 ‚
564 2274 654 2327 hic
701 2274 860 2326 findit
890 2275 1080 2341 facere.
1142 2276 1195 2326 et
1231 2273 1422 2325 iterum
1461 2290 1609 2326 omne
1644 2271 1821 2326 uisum
1842 2285 1886 2318 3ο

126 2345 192 2398 ab
240 2345 445 2397 homine
494 2362 588 2397 -cu·
639 2345 929 2398 delectabile
972 2348 1174 2397 natura
1222 2348 1436 2412 suyante
1474 2344 1562 2411 pi·
1600 2343 1705 2410 ipsi
1740 2344 1820 2395 in·

125 2416 262 2479 dita,
301 2431 363 2468 eoe
399 2431 501 2481 quo
537 2431 645 2467 non
674 2419 844 2482 potest
880 2418 988 2467 ier·
1027 2415 1269 2482 cupidine
1301 2431 1504 2480 carere,
1543 2413 1629 2466 hic
1663 2413 1822 2465 findit

241 2574 262 2612 1
302 2567 544 2611 Helarium
580 2567 638 2612 N
658 2567 677 2617 11
707 2571 732 2610 2
770 2567 891 2624 rhei]
932 2566 1029 2624 reei
1065 2567 1161 2679 ΝΙΙΙ
1189 2571 1216 2611 4
1255 2567 1525 2679 11131111εῆ8,
1554 2580 1610 2632 ea3
1640 2567 1689 2622 e)
1719 2566 1815 2624 ΝΗ

126 2625 275 2670 eaerit
303 2625 360 2669 N
375 2626 391 2680 ΙΙ
413 2629 438 2667 6
468 2624 629 2668 vivere
660 2624 787 2673 Mai,
826 2624 935 2677 fort.
964 2625 1085 2667 vires
1107 2568 1397 2680 ”quatinunt
1533 2627 1558 2666 8
1588 2623 1643 2666 in
1670 2637 1746 2666 ma

126 2681 257 2725 abste
288 2694 374 2737 pro
403 2681 577 2736 absque
599 2681 647 2723 te
668 2680 724 2723 N
740 2681 756 2736 ΙΙ
778 2679 912 2744 quid]
967 2681 1039 2724 uit
1057 2680 1113 2724 N
1129 2681 1144 2736 ΙΙ
1172 2685 1220 2724 10
1242 2680 1364 2723 attat
1382 2679 1438 2722 N
1453 2679 1468 2735 ΙΙ
1495 2685 1544 2723 13
1565 2679 1704 2723 solvit
1724 2636 1814 2736 Nym

129 2738 227 2781 15f.
265 2737 334 2781 De
373 2737 555 2781 ratione
595 2737 656 2780 ad
693 2737 806 2779 fona
834 2735 930 2779 scin
967 2736 1089 2780 enda
1117 2738 1169 2780 in
1197 2748 1342 2792 mary.
1373 2736 1429 2780 N
1453 2739 1469 2792 ΙΙ
1500 2740 1553 2780 18
1582 2735 1820 2792 &poneret

125 2794 181 2838 N
204 2795 220 2849 ΙΙ
246 2799 296 2838 19
325 2794 569 2837 ineuentes
599 2792 686 2850 ΝΠ
708 2797 757 2835 21
791 2792 890 2835 Ur
878 2807 955 2836 m·
980 2805 1054 2836 em
1085 2792 1280 2836 clausuli
1310 2792 1485 2836 stantes
1505 2791 1562 2836 N
1575 2804 1689 2836 corr.
1711 2792 1819 2835 Mai

130 2850 151 2907 11
173 2855 225 2893 22
257 2850 373 2894 scisa
401 2850 457 2894 N
473 2851 488 2906 ΙΙ
511 2855 565 2893 23
596 2851 719 2893 ostes
749 2848 804 2892 N
820 2849 835 2904 ΙΙ
858 2848 1038 2894 occives
1067 2848 1123 2892 N
1139 2850 1154 2904 {l
1177 2854 1230 2893 32
1262 2849 1343 2904 qui
1372 2849 1427 2892 N
1443 2850 1458 2905 ΙΙ
1479 2849 1568 2905 ter]
1601 2849 1678 2891 tur
1698 2847 1760 2892 N.
