1980 3134
205 84 306 135 124
585 80 842 125 VIRGILII
871 80 1146 126 MARONIS
1176 81 1518 127 EPISTOLAE.

199 211 347 260 retur
384 226 413 262 0
450 226 604 278 eyone
638 212 768 261 recte
801 207 902 272 feci
937 208 1020 260 uel
1057 208 1254 261 locutus
1288 208 1447 261 sum?
1483 208 1676 276 plurali
1709 212 1891 264 tamen

199 295 423 331 numero
449 279 756 332 uocatiuum
783 294 988 329 cassum
1014 278 1274 342 inueniri,
1313 279 1371 330 in
1398 278 1615 331 dubium
1642 280 1778 332 nulli
1803 281 1891 333 uel

202 349 638 401 contendentium
686 349 827 415 parti
874 349 1057 399 uenire
1093 351 1294 416 potest,
1351 351 1411 400 ut
1455 365 1550 402 nos
1587 366 1615 401 ο
1653 367 1688 403 a
1723 351 1888 418 nobee,

199 419 512 487 praesertim
562 436 681 470 cum
727 418 1073 485 imperatiuus
1110 418 1300 470 modus
1339 420 1499 470 etiam
1537 419 1738 486 primae
1776 438 1890 488 per-

156 506 175 537 5
200 506 363 541 sonae
399 488 593 556 plurali
630 505 850 539 numero
888 487 1031 539 flecti
1069 488 1254 540 soleat.
1302 506 1420 540 cum
1460 489 1601 540 enim
1641 490 1772 542 dicis
1797 507 1893 544 nos

200 560 453 623 dicamus,
492 575 588 610 nos
611 557 714 610 hoc
740 558 855 610 loco
882 558 1157 609 uocatiuus
1186 576 1362 610 cassus
1389 576 1502 611 esse
1526 562 1727 627 potest,
1767 560 1893 613 licet

200 632 253 680 et
296 628 662 680 nominatiuus
711 645 826 679 esse
878 645 986 679 non
1023 630 1267 697 negetur.
1330 629 1422 680 sed
1459 629 1523 681 de
1561 629 1660 682 hoc
1696 648 1887 698 prono·

197 698 340 751 mine
378 699 506 751 satis
544 699 614 750 sit
651 697 865 749 dictum.

338 768 457 821 Hoc
493 772 674 820 tamen
712 785 1007 835 pronomen
1046 768 1468 836 conpossitiones
1506 768 1635 821 duas
1683 770 1889 838 recipit,

133 855 173 887 10
196 838 284 890 uel
332 856 451 891 cum
499 839 673 907 ipsum
719 838 868 890 illum
918 837 1221 906 duplicatur
1270 842 1331 890 ut
1376 856 1580 907 eyoe90‚
1635 840 1723 892 uel
1770 858 1890 893 cum

194 913 297 961 met
333 909 590 977 syllabam
629 909 851 976 recipiet
886 911 948 961 ut
984 912 1200 976 eyomet:
1249 909 1326 960 sic
1363 913 1501 976 tutu,
1549 913 1732 976 tumet,
1770 927 1888 974 sese,

194 983 364 1032 semet.
428 982 508 1031 est
546 982 599 1031 et
636 979 892 1047 quaedam
933 979 1174 1046 quaestio
1212 979 1270 1030 in
1307 980 1711 1046 pronominibus
1754 980 1888 1032 diffi-

195 1049 309 1100 cilis
365 1052 418 1101 et
476 1049 796 1101 solutionem
846 1050 975 1101 satis
1031 1048 1242 1116 indiga:
1298 1066 1426 1100 nam
1485 1067 1603 1101 cum
1664 1049 1889 1102 dicimus

195 1135 337 1172 meus
383 1124 503 1172 mus
560 1135 688 1172 suus
749 1123 802 1171 et
854 1120 913 1170 in
968 1118 1162 1187 plurali
1218 1136 1440 1171 numero
1489 1123 1661 1172 noster
1706 1121 1888 1187 uester,

130 1205 172 1238 15
195 1190 468 1257 quaeritur
515 1207 675 1258 quam
719 1190 935 1241 tertiam
986 1206 1268 1256 personam
1324 1189 1429 1241 huc
1483 1207 1680 1258 ponere
1737 1190 1890 1242 debe-

194 1258 384 1311 amus?
438 1262 640 1328 negant
687 1259 902 1327 quidam
949 1260 1163 1311 tertiam
1210 1276 1489 1327 personam
1538 1260 1596 1312 in
1633 1261 1733 1312 hoc
1771 1261 1890 1313 loco

192 1330 331 1381 sumi
377 1330 591 1397 penitus
639 1333 902 1397 oportere.
973 1329 1224 1382 nonnulli
1272 1347 1369 1397 pro
1418 1329 1648 1397 quodam
1694 1331 1887 1383 solatio

194 1400 541 1452 scribentium
568 1417 629 1451 ac
654 1399 949 1468 legentium
975 1400 1191 1452 tertiam
1214 1417 1498 1468 personam
1524 1400 1698 1469 illam,
1730 1418 1888 1468 quam

193 1469 251 1521 in
288 1470 546 1539 singulari
583 1487 803 1522 numero
841 1488 1210 1538 posueramUS,
1257 1470 1311 1521 id
1350 1476 1429 1522 est
1463 1486 1615 1537 suus,
1657 1487 1888 1523 commu-

127 1562 169 1596 20
191 1557 315 1592 nem
342 1558 455 1592 esse
482 1540 783 1609 diffiniunt,
822 1544 881 1592 ut
917 1541 1100 1592 dicant
1125 1540 1226 1592 sic:
1253 1557 1397 1593 meus
1420 1544 1541 1593 tuus
1564 1557 1692 1593 suus
1715 1545 1887 1595 noster

189 1614 356 1663 uester
391 1627 544 1677 suus,
588 1610 778 1678 quibus
816 1628 915 1663 nec
955 1611 1165 1662 credere
1203 1628 1299 1662 nec
1337 1611 1554 1662 omnino
1592 1610 1886 1664 discredere

190 1680 412 1733 licenter
459 1681 736 1747 audemuS‚
787 1681 1017 1733 maxime
1063 1698 1182 1733 cum
1230 1681 1433 1733 nullam
1479 1681 1739 1733 rationem
1786 1681 1885 1734 hoc

189 1750 305 1803 loco
342 1751 650 1815 inueniant,
691 1768 794 1819 qua
830 1754 1047 1803 seruant
1082 1751 1297 1803 tertiam
1334 1769 1614 1819 personam
1651 1769 1750 1805 nec
1787 1753 1883 1804 ite-

189 1838 307 1872 rum
344 1822 543 1873 resumi
580 1821 1136 1889 inreprehensibiliter
1170 1839 1328 1889 posse
1366 1821 1453 1874 uel
1492 1821 1699 1874 debere.

304 1993 342 2035 9.
372 1987 467 2032 Ars
493 2001 571 2031 an.
593 1988 735 2033 Rern.
751 2002 800 2044 p.
821 1991 920 2041 140,
941 1992 1018 2033 15:
1058 1989 1178 2032 Item
1199 1988 1486 2045 Virgilius
1506 1988 1679 2032 iterum
1701 1988 1759 2031 de
1779 2002 1885 2045 pro-

188 2042 454 2088 nominibus
484 2044 739 2100 conpositis
771 2044 910 2089 dixit:
945 2058 1031 2101 ego
1053 2057 1314 2101 pronomen
1335 2043 1520 2087 finitum
1541 2044 1884 2100 conpositiones

189 2099 306 2143 duas
335 2099 506 2156 recipit
525 2132 536 2144 .
557 2133 568 2144 .
593 2135 602 2144 .
625 2100 856 2156 syllabam
886 2100 1066 2165 recipit.
1206 2105 1255 2143 12
1302 2101 1395 2144 Ars
1424 2114 1503 2143 an.
1533 2100 1678 2144 Bern.
1703 2113 1753 2155 p.
1782 2105 1882 2156 137,

110 2189 117 2194 .
186 2158 268 2200 27.-
298 2155 388 2200 Sed
419 2155 494 2199 hic
525 2156 684 2212 aliqua
714 2157 896 2212 questio
928 2158 1094 2210 oritur,
1125 2157 1180 2200 ut
1198 2155 1421 2213 Virgilius
1441 2155 1573 2199 Maro
1605 2155 1743 2201 dixit=
1777 2171 1882 2201 cum

187 2211 384 2255 dicimus
425 2225 556 2256 meus
593 2215 700 2256 tuus
738 2227 847 2257 suus
884 2214 1043 2256 noster
1081 2213 1237 2257 vester
1273 2212 1485 2268 queritur
1517 2246 1526 2256 .
1562 2245 1572 2256 .
1602 2212 1678 2256 hic
1707 2227 1881 2270 ponere

188 2267 413 2312 debemus
443 2268 617 2323 plurali
637 2282 843 2316 numero.
888 2269 1021 2312 nulla
1043 2269 1167 2312 enim
1188 2268 1309 2312 ratio
1329 2268 1379 2311 in
1398 2268 1487 2311 hoc
1505 2268 1608 2312 loco
1629 2269 1879 2322 invenitur,

187 2337 281 2422 qua
301 2325 493 2368 tertiam
513 2337 758 2380 personam
779 2326 953 2369 iterum
969 2325 1143 2369 resumi
1157 2324 1639 2380 inreprehensibiliter
1654 2338 1790 2381 posse
1807 2326 1883 2370 vel

220 2380 359 2424 ebere
392 2381 496 2436 quis
527 2380 665 2425 dicat.
707 2381 919 2424 nonnulli
948 2383 1107 2425 tamen
1137 2394 1222 2437 pro
1254 2380 1458 2435 quodam
1489 2380 1657 2425 solatio
1680 2382 1880 2426 scriben-

185 2435 306 2479 tium
338 2436 398 2480 ad
427 2437 687 2493 legentium
722 2471 730 2480 .
763 2476 772 2485 ,
805 2451 947 2493 quam
975 2439 1024 2480 in
1056 2437 1283 2494 singulari
1312 2450 1503 2480 numero
1534 2450 1802 2493 posueram,
1832 2438 1880 2481 id

187 2494 258 2535 est
288 2506 396 2536 suus
417 2506 714 2592 communem
736 2507 834 2537 esse
856 2493 1087 2538 definiunt
1115 2494 1240 2537 inter
1269 2493 1552 2550 singularem
1584 2494 1631 2537 et
1649 2494 1880 2549 pluralem

185 2561 430 2591 numerum
461 2563 489 2592 u
543 2587 552 2596 .
586 2583 594 2591 .
629 2586 638 2595 .
672 2564 794 2594 suus.

299 2707 324 2745 9
354 2702 534 2758 recepit
562 2702 616 2746 N
640 2703 656 2759 ss
690 2709 740 2747 10
756 2704 786 2747 f.
822 2717 926 2747 cum
958 2704 1007 2746 et
1035 2702 1092 2746 N
1114 2704 1130 2759 ΙΙ
1164 2707 1215 2747 14
1244 2716 1372 2746 meas
1401 2702 1457 2747 N
1479 2703 1495 2757 ΙΙ
1527 2706 1578 2745 18
1595 2702 1625 2744 f.
1658 2716 1798 2757 quam
1827 2704 1876 2746 in

185 2757 410 2814 singulari
447 2772 639 2802 numero
671 2773 728 2803 ex
757 2764 857 2804 arte
886 2772 965 2804 an.
995 2758 1135 2806 Rern.
1166 2759 1336 2815 recepi,
1379 2774 1410 2815 p
1440 2756 1533 2813 qua
1557 2757 1670 2815 plim
1699 2758 1756 2802 N
1777 2759 1793 2814 ΙΙ
1827 2764 1876 2802 19

183 2826 488 2869 posueramur
516 2814 580 2858 N.
