1980 3134
699 124 756 172 V.
808 125 887 169 DE
918 125 1279 172 PARTICIPIO.
1738 130 1836 182 167

145 253 251 304 duo
290 251 573 320 participia
609 252 769 304 unius
806 269 919 304 esse
957 253 1235 321 temporis,
1283 257 1338 306 et
1374 254 1493 307 ideo
1532 257 1672 307 recte
1709 258 1837 308 scri-

147 321 321 374 bimus
359 324 614 376 oriundus
649 327 790 389 erat,
830 340 937 374 non
975 324 1087 378 erit.

188 410 204 422 ¹
288 390 388 445 Sed
427 392 528 445 hac
562 392 737 444 soluta
762 393 1095 460 quaestione,
1136 393 1239 446 alia
1263 393 1321 446 in
1347 393 1529 446 eodem
1553 395 1836 463 participio

144 462 386 531 suppetit
422 462 690 532 quaestiO,
729 480 889 531 quare
927 481 1039 515 non
1077 465 1368 516 scribamus
1406 466 1652 518 oriendus
1662 504 1676 530 ‚
1716 481 1836 519 oum

143 532 216 585 sit
252 535 440 586 oriem.
503 533 594 601 qui
632 534 918 600 prudenter
955 533 1119 586 uerba
1155 537 1419 586 nonerunt
1456 535 1708 598 scribere,
1757 535 1835 587 di·
1879 553 1900 586 5

148 603 494 655 stinctionem
531 603 590 654 in
627 604 874 655 omnibus
912 606 1152 667 seruant,
1194 605 1250 655 in
1289 604 1458 657 modis
1496 609 1550 656 et
1573 606 1834 674 personis.

145 673 222 726 sic
270 674 411 725 enim
460 673 758 725 declinatur
803 675 945 726 orior
981 675 1139 727 oriris
1176 676 1345 727 oritur
1381 676 1584 728 orimur
1622 677 1838 729 orimini

141 744 406 797 oriuntur.
480 744 556 796 sie
604 747 658 795 et
701 744 759 795 in
804 745 951 795 omni
997 745 1161 796 uerbo
1206 745 1395 797 tertiae
1442 746 1836 815 coniugationis

143 813 258 866 siue
295 814 585 881 productae
623 813 736 865 siue
774 813 935 866 etiam
973 818 1245 882 correptae
1280 816 1398 868 uin
1424 816 1584 867 tertia
1608 833 1838 883 persona

142 883 366 952 pluralis
413 885 622 936 numeri
667 901 875 952 semper
920 885 1237 947 adsumitur,
1287 888 1348 936 ut
1385 886 1614 938 audiunt
1647 887 1835 954 Zeyunt,
1859 903 1900 936 10

143 956 444 1007 metiuntur.
505 955 609 1006 hoc
645 953 791 1021 ideo,
831 972 959 1006 nam
993 955 1038 1006 si
1072 972 1098 1007 e
1123 956 1407 1023 scribatur,
1445 956 1682 1007 futurum
1706 959 1836 1009 tem-

144 1042 247 1093 pus
285 1025 609 1077 aestimatur.
668 1025 880 1076 uidetur
915 1027 1096 1076 tamen
1123 1024 1255 1076 mihi
1278 1026 1471 1077 mirum
1498 1043 1637 1089 esse,
1677 1044 1836 1094 quare

143 1113 256 1147 non
292 1095 366 1147 sic
404 1095 653 1148 scribitur
686 1096 931 1148 oriendus
967 1112 1063 1163 per
1087 1113 1139 1148 e:
1177 1096 1314 1147 forte
1341 1114 1408 1148 ne
1443 1097 1714 1165 passiuum
1739 1114 1836 1164 pu-

140 1168 287 1218 tetur
334 1183 448 1217 esse
496 1166 741 1233 uerbum,
789 1168 850 1217 ut
897 1166 1152 1233 legendus.
1215 1183 1397 1218 rursus
1444 1183 1665 1234 quaere,
1716 1183 1837 1219 cum

141 1237 402 1289 oriundus
439 1236 714 1301 scribitur,
763 1253 925 1303 quare
964 1236 1126 1287 etiam
1162 1236 1218 1287 in
1256 1236 1539 1304 participio
1578 1237 1834 1305 temporis
1859 1252 1898 1284 15

143 1306 440 1375 praesentis
488 1323 600 1358 non
645 1307 722 1358 ita
769 1306 1020 1357 scribitur
1057 1307 1229 1358 oriens
1266 1308 1521 1359 oriuntus.
1588 1306 1687 1358 hoc
1724 1325 1836 1358 non

141 1380 224 1429 est
260 1375 727 1440 consuetudinare,
766 1376 872 1428 nisi
897 1376 955 1428 in
981 1376 1278 1444 participiis
1304 1377 1590 1430 uerborum
1617 1380 1836 1445 quartae

144 1447 568 1516 coniugationis,
607 1446 696 1498 ubi
735 1463 830 1513 per
866 1450 987 1498 octo
1022 1463 1118 1514 per
1153 1448 1176 1498 i
1212 1449 1266 1498 et
1298 1463 1324 1499 e
1348 1447 1476 1515 <in>
1500 1447 1835 1499 nominatiuo

142 1535 323 1584 casm,
361 1517 419 1569 in
457 1517 674 1585 reliquis
712 1516 948 1569 cassibus
973 1518 995 1569 v:
1020 1515 1234 1584 dempta
1258 1534 1283 1570 e
1310 1519 1363 1569 et
1385 1534 1422 1570 u
1447 1521 1741 1585 ponuntur,
1779 1521 1838 1569 ut

143 1591 225 1640 est
260 1590 373 1640 iem
409 1589 578 1640 euntis
614 1587 690 1640 sic
716 1588 899 1654 quiens
925 1588 1191 1655 quezmtiS,
1228 1588 1492 1641 transiens
1515 1588 1838 1640 transeuntis
1859 1602 1899 1632 20

141 1661 197 1711 et
236 1660 426 1714 cetera.

286 1728 411 1780 Alia
447 1727 604 1780 nobis
641 1728 879 1796 quaestio
915 1726 1143 1779 inminet
1175 1726 1454 1779 solutionis
1482 1727 1609 1779 satis
1635 1727 1835 1795 indiga,

142 1816 307 1867 quare
345 1815 469 1866 sepe
506 1797 812 1850 inuenimus
850 1797 1011 1850 scribi
1046 1797 1298 1851 standum
1333 1798 1615 1851 sedendum
1640 1798 1837 1851 auden-

141 1870 271 1922 dum
316 1869 654 1935 loquendum,
703 1886 820 1920 cum
860 1867 1090 1919 neutrali
1127 1867 1290 1919 uerbo
1326 1868 1543 1920 nonnisi
1580 1867 1681 1919 duo
1720 1885 1837 1935 par-

143 1939 331 2007 ticipia
369 1939 552 1991 uenire
590 1941 968 2004 consuescant,
1009 1940 1063 1989 et
1098 1955 1130 1989 a
1168 1937 1459 2006 deponenti
1494 1937 1601 1990 tria
1625 1941 1835 1990 tantum
1857 1950 1898 1982 2⁵

140 2010 444 2062 trahantur.
492 2009 590 2061 hoc
629 2011 804 2062 autem
839 2008 1050 2061 uidetur
1085 2008 1429 2076 participium
1463 2008 1664 2077 passiui
1688 2008 1837 2060 uerbi

259 2197 325 2238 22.
355 2191 473 2235 Eme.
503 2191 647 2236 Rern.
668 2193 782 2243 200,
811 2193 871 2235 12
901 2195 942 2234 et
973 2189 1108 2236 Leid.
1129 2190 1164 2244 f.
1183 2191 1280 2233 80³:
1319 2189 1427 2232 Alia
1455 2189 1660 2244 questio,
1692 2201 1835 2245 quare

142 2247 288 2291 scribi
326 2247 567 2303 (scriptum
599 2247 660 2301 L)
699 2247 961 2291 invenimus
999 2258 1110 2301 sepe
1148 2244 1366 2289 standum
1396 2270 1452 2277 —
1481 2244 1749 2288 addendum
1782 2269 1837 2277 —

145 2318 252 2348 cum
291 2317 319 2346 a
356 2303 559 2347 neutrali
596 2303 742 2347 verbo
783 2305 911 2359 (cum
950 2315 979 2345 a
1007 2301 1291 2345 neutralium
1322 2301 1382 2344 bo
1412 2301 1475 2356 B)
1509 2326 1560 2333 —
1585 2300 1836 2357 participia

143 2359 412 2416 (participio
434 2359 495 2414 L)
528 2360 578 2402 et
605 2373 634 2402 a
664 2358 920 2414 deponenti
949 2356 1041 2401 tria
1069 2358 1255 2400 tantum
1275 2356 1528 2413 participia
1546 2357 1704 2400 venire
1726 2369 1835 2401 con·

144 2419 366 2459 suescunt
404 2415 810 2471 (consuesslsscunt
845 2414 930 2470 B).
997 2413 1079 2456 sed
1114 2412 1203 2456 hoc
1243 2413 1303 2456 ad.
1341 2412 1656 2468 inpersonalia
1690 2413 1837 2456 verba

144 2471 466 2523 referendum,
512 2484 710 2527 quorum
750 2484 870 2535 quae
910 2469 1226 2526 praediximus
1271 2470 1380 2512 sunt
1415 2468 1835 2525 inpraesentiarum

147 2527 578 2584 (inpresenitiarum
607 2526 694 2582 B):
737 2525 1197 2582 ‘mpraesentiarum'
1230 2526 1336 2579 (om.
1366 2525 1427 2576 L)
1467 2549 1520 2556 -—
1559 2524 1836 2569 adverbium

144 2583 406 2640 temporale
446 2584 518 2627 est
549 2584 651 2639 (om.
682 2582 742 2636 L)
774 2588 828 2626 ut
857 2581 1133 2638 praesertim
1164 2580 1455 2636 (praesertim
1484 2581 1566 2636 B).
1615 2581 1674 2634 ef.
1703 2581 1837 2634 infra

261 2814 285 2851 2
318 2809 422 2866 erit]
456 2822 511 2852 ex
541 2811 642 2851 erat
672 2807 727 2851 N
751 2808 766 2863 ΙΙ
798 2812 845 2850 11
881 2805 969 2850 nisi
998 2805 1054 2849 N
1078 2817 1192 2852 corr.
1216 2805 1324 2848 Mai
1344 2806 1359 2861 ΙΙ
1392 2809 1442 2850 13
1474 2805 1594 2849 forte
1623 2817 1681 2848 ne
1713 2803 1834 2848 forte

144 2864 234 2920 ΝΙΙ
259 2869 310 2909 18
340 2878 425 2920 per
455 2865 487 2921 i]
519 2864 624 2918 fort.
657 2877 742 2919 pro
773 2864 826 2919 in
848 2863 895 2906 in
926 2862 1036 2906 add.
1070 2861 1176 2905 Mai
1198 2861 1212 2916 ΙΙ
1241 2867 1288 2905 19
1318 2862 1560 2918 pununtur
1588 2859 1651 2906 N.
