1980 3134
661 725 704 776 I.
763 724 862 777 DE
901 724 1212 778 NOMINE.

225 837 489 904 Primam,
539 837 708 890 frater
754 837 1050 904 carissime,
1101 838 1163 890 de
1204 841 1316 890 arte
1353 839 1585 890 nominis
1624 856 1780 907 expo-

88 908 361 975 sitionem,
415 925 550 977 quae
597 908 771 976 prima
818 912 920 975 est,
970 908 1232 975 edictum,
1281 909 1386 960 tuis
1434 909 1781 978 petitionibus

87 978 392 1031 satisfacere
435 978 672 1046 cupienti
709 978 921 1031 uidetur
957 979 1090 1030 mihi
1126 996 1222 1046 per
1255 996 1434 1031 cassus
1469 979 1782 1048 singillatim

86 1067 385 1102 sermonem
448 1049 695 1117 primitus
760 1067 875 1101 esse
929 1049 1251 1101 faciendum.
1329 1048 1393 1100 de
1449 1050 1781 1102 nominatiuo

86 1137 256 1172 cassu,
318 1119 526 1188 primus
565 1137 744 1172 cassus
782 1124 864 1172 est
898 1122 1100 1187 rectus,
1140 1119 1504 1172 nominatiuus
1540 1123 1778 1185 uocatur,
1805 1136 1825 1168 5

85 1190 178 1258 qui
215 1190 274 1242 in
311 1190 502 1258 quibus
541 1189 760 1258 syllabis
796 1189 1041 1256 finiatur,
1090 1190 1214 1242 sciri
1251 1190 1432 1257 debet,
1484 1190 1782 1243 dicentibus

86 1260 402 1328 quibusdam
438 1262 496 1312 in
522 1265 630 1312 tres
657 1266 868 1313 tantum
895 1260 1126 1329 syllabas
1151 1261 1549 1313 nominatiuum
1576 1279 1783 1314 cassum

84 1331 229 1382 finiri
277 1349 485 1400 semper
529 1331 747 1398 debere,
800 1331 1118 1400 quibusdam
1164 1348 1291 1383 uero
1341 1350 1368 1383 e
1421 1333 1688 1384 contrario
1726 1332 1785 1384 in

85 1419 193 1453 sex.
263 1400 390 1454 hinc
437 1402 803 1481 quaestionem
851 1401 1302 1454 contradictorum
1347 1401 1621 1481 inquisitio
1668 1420 1783 1481 rep-

84 1472 296 1540 periens
334 1471 400 1523 ad
438 1490 611 1524 meam
646 1472 970 1540 paruitatem
1006 1475 1100 1524 tua
1138 1472 1507 1539 sagacissima,
1556 1490 1689 1540 quae
1724 1473 1782 1524 in
1808 1486 1849 1517 10

87 1541 284 1593 diuinis
322 1542 685 1594 uoluminibus
723 1548 807 1594 sat
846 1547 926 1594 est
962 1542 1280 1611 approbata,
1332 1543 1505 1595 uoluit
1541 1542 1784 1612 dirigere.

89 1612 217 1680 quid
265 1613 433 1682 igitur
480 1613 714 1666 facturus
763 1631 878 1665 sum
926 1613 1167 1681 utrisque
1205 1613 1559 1666 existentibus
1598 1612 1785 1665 emulis

85 1688 310 1751 utroque
348 1685 582 1751 possitus
619 1683 786 1736 latere
826 1683 1024 1748 amice,
1063 1683 1203 1735 inter
1240 1701 1423 1735 eorum
1460 1683 1635 1753 iurgia
1671 1683 1786 1752 pla-

88 1770 204 1805 cere
243 1753 564 1822 conpulsus?

230 1823 379 1876 Duae
424 1824 596 1877 scolae
634 1829 761 1876 sunt
798 1825 855 1875 in
892 1827 1009 1876 tota
1048 1822 1292 1892 Europa,
1330 1824 1388 1876 in
1426 1824 1617 1892 quibus
1654 1825 1786 1876 heae
1811 1834 1851 1864 15

89 1895 482 1947 controuersiae
529 1895 762 1947 maxima
807 1894 1054 1946 feruntur
1101 1913 1165 1946 ex
1212 1898 1397 1963 parte,
1446 1893 1590 1947 scola
1636 1893 1787 1946 Ter-

87 1965 299 2017 rentii
339 1968 392 2017 et
426 1965 570 2017 scola
607 1965 955 2034 Galbungi.
1023 1964 1412 2018 Terrentius
1451 1964 1640 2017 asserit
1676 1968 1787 2016 tres

87 2037 299 2088 tantum
343 2039 405 2088 ut
453 2036 562 2088 dixi
613 2036 845 2104 syllabas
894 2053 1033 2100 esse,
1085 2035 1142 2086 in
1188 2036 1380 2103 quibus
1417 2035 1787 2088 nominatiuus

91 2123 272 2158 cassus
309 2106 576 2160 finiendus
613 2107 683 2158 sit
719 2109 940 2174 excepto
980 2107 1346 2174 comparatiuo
1383 2105 1573 2175 gradU,
1611 2105 1703 2157 ubi
1729 2122 1789 2158 or

90 2175 296 2244 syllaba
332 2177 539 2245 quoties
579 2176 866 2245 excipitur,
912 2180 1021 2228 tres
1059 2176 1190 2228 haec
1228 2177 1465 2245 syllabae
1505 2177 1787 2228 consuetae
1809 2185 1852 2217 2⁰

91 2250 216 2298 sunt
259 2263 322 2300 us
359 2265 395 2300 a
430 2265 521 2300 um
557 2265 653 2316 per
697 2247 802 2300 tria
848 2264 1048 2316 genera
1097 2246 1394 2315 antiquitus
1442 2246 1786 2298 constitutae:

91 2317 321 2384 amplius
346 2316 430 2369 his
454 2318 625 2386 recipi
650 2318 869 2369 omnino
889 2334 998 2368 non
1020 2334 1174 2396 posse
1197 2317 1458 2368 adfirmat.
1499 2321 1552 2368 et
1571 2322 1788 2368 econtra

94 2386 484 2455 Galbungus
522 2389 579 2439 in
619 2405 711 2439 sex
736 2387 966 2455 syllabas
992 2387 1389 2439 nominatiuum
1414 2404 1620 2439 cassum
1644 2386 1790 2438 finiri

206 2546 488 2591 EXPLICIT
506 2545 843 2591 PROLOGUS.
865 2546 1093 2590 INCIPIT
1111 2546 1158 2589 ·I-
1176 2545 1446 2591 VERGILII
1464 2546 1523 2601 (V
1541 2551 1581 2590 et
1597 2546 1638 2589 R
1653 2548 1787 2598 corr.)

92 2603 390 2649 EPISTULA
421 2609 500 2648 etc.
521 2603 577 2647 N
591 2604 607 2658 ΙΙ
630 2609 654 2646 2
686 2603 911 2647 educturo
934 2602 991 2646 Ν
998 2605 1008 2630 ¹
1030 2615 1144 2647 corr.
1165 2617 1222 2648 m
1244 2603 1304 2646 al.
1327 2605 1342 2659 ΙΙ
1365 2609 1389 2647 3
1411 2603 1691 2659 patisfacere
1713 2602 1771 2647 N
1775 2604 1789 2630 ¹

93 2674 205 2709 corr
216 2675 268 2705 m.
283 2660 343 2705 αῖ.
369 2661 384 2715 ss
407 2665 559 2703 cassus
576 2660 742 2724 (aex-u)
761 2659 817 2702 N
832 2661 847 2715 ΙΙ
868 2665 895 2702 4
909 2658 1193 2703 nominatius
1210 2659 1265 2703 N
1279 2662 1295 2715 ΙΙ
1317 2660 1434 2704 scire
1449 2659 1505 2703 N
1520 2660 1535 2715 ΙΙ
1559 2664 1582 2702 7
1599 2658 1789 2714 syllabis

93 2745 150 2788 Ν
164 2746 179 2800 ΙΙ
202 2750 227 2789 9
257 2743 366 2788 huic
387 2745 442 2788 N
458 2746 473 2799 ΙΙ
513 2726 701 2819 repper1
703 2757 784 2787 ens
805 2742 861 2786 N
876 2744 892 2798 ΙΙ
915 2748 967 2786 10
988 2743 1113 2799 sagit
1126 2742 1302 2786 tissima
1322 2742 1377 2786 N
1383 2746 1394 2771 ¹
1418 2745 1433 2798 ΙΙ
1458 2749 1506 2785 11
1531 2742 1589 2786 ab
1595 2743 1789 2798 mobata

96 2801 182 2856 ΝΙΙ
205 2802 384 2857 erigere
408 2802 440 2857 (i
458 2815 513 2845 ex
537 2806 578 2852 e)
599 2799 656 2843 N
671 2803 686 2855 ss
711 2805 760 2843 1⁶2
779 2799 906 2855 quod
922 2797 972 2842 N
987 2811 1102 2843 corr.
1123 2799 1230 2842 Mai
1250 2802 1265 2855 ss
1293 2806 1341 2843 13
1356 2799 1461 2852 fort.
1487 2799 1675 2855 placare
1698 2801 1713 2854 Η
1739 2806 1789 2843 15

95 2871 273 2912 eurupa
293 2856 350 2901 N
354 2860 367 2885 ¹
390 2859 406 2914 ΙΙ
431 2862 482 2901 16
504 2857 844 2900 contraversiae
866 2854 923 2899 N
937 2857 952 2911 ΙΙ
974 2860 1029 2899 20
1047 2855 1135 2898 hae
1157 2856 1263 2899 Mai
1284 2858 1300 2911 ss
1323 2861 1373 2898 *21
1397 2870 1446 2900 as
1466 2855 1522 2899 N
1535 2868 1647 2900 corr.
1668 2855 1785 2899 Mai.
