1980 3134
148 514 171 546 5

129 1081 169 1114 10

128 1427 168 1458 15

193 89 262 140 42
580 85 834 130 VIRGILII
866 85 1140 131 MARONIS
1170 85 1496 131 EPITOMAE.

192 215 339 268 uiros
391 213 516 267 urbs
570 213 709 266 dedit
752 213 940 267 Sicilia
994 215 1048 265 et
1092 213 1285 265 iterum
1329 211 1612 266 Serenus
1655 218 1885 268 sanctem

193 285 406 338 deorum
451 284 694 337 cultorem
730 284 848 349 qais
883 299 991 336 non
1027 283 1280 337 laudabit.
1353 283 1481 335 item
1519 299 1622 336 con
1658 284 1884 338 eundem

185 355 458 422 perfectem
493 355 554 406 iii
586 355 781 406 cunctis
817 357 1010 420 oportet
1045 370 1261 407 crescere
1284 355 1484 408 uirum.
1540 351 1675 407 scire
1699 356 1884 423 itaque

198 425 473 491 debemUS,
513 424 654 492 quod
681 441 743 476 ea
766 424 927 491 paulo
964 424 1167 477 rariora
1203 426 1355 492 sunt,
1394 424 1463 477 ob
1499 424 1602 476 hoc
1640 425 1883 478 doctores

199 498 528 563 possuerunt,
570 511 678 545 non
716 511 819 562 quo
859 511 1049 547 nocere
1088 494 1278 547 uellint
1302 494 1633 547 auditoribus
1659 496 1765 548 suis
1791 496 1884 548 sed

191 566 465 633 proficere,
504 566 565 615 ut
603 581 722 616 cum
757 564 887 616 haec
925 564 982 616 in
1018 582 1204 617 eorum
1240 564 1600 618 uidauerimus
1636 565 1881 634 operibus

195 635 477 701 inscribta,
513 637 767 703 tanquam
805 634 935 687 trita
973 637 1027 687 et
1063 635 1280 704 cognita
1316 636 1373 687 in
1409 653 1536 688 ussu
1570 635 1880 689 habeamus.

669 801 764 855 VI.
823 801 920 856 DE
958 801 1410 857 PRONOMINE.

331 915 677 968 Reddidimus
703 917 763 967 ut
785 915 1055 983 potuimus
1081 916 1350 983 superiore
1371 915 1605 984 epitoma
1621 917 1881 970 rationem

190 986 602 1055 requirentibus,
645 1003 751 1054 qua
788 984 978 1037 diuitia
1014 1003 1212 1038 nomen
1247 986 1411 1038 uerbo
1448 986 1880 1054 praetulerimus.

192 1074 335 1110 nunc
383 1057 516 1110 aliut
553 1056 879 1124 quaestionis
925 1056 1154 1108 inminet
1190 1073 1358 1126 genus
1361 1098 1382 1130 7
1433 1074 1525 1108 cur
1562 1057 1723 1110 etiam
1759 1075 1885 1126 pro-

189 1145 387 1180 nomen
432 1126 655 1179 uerbum
701 1125 1008 1194 praecedat,
1057 1144 1178 1179 cum
1226 1127 1447 1179 uerbum
1485 1128 1726 1180 omnium
1762 1140 1883 1196 par-

190 1198 327 1250 tium
374 1197 651 1267 egregium
702 1198 786 1249 sit.
860 1196 1051 1265 quibus
1099 1197 1205 1249 hoc
1250 1198 1407 1250 modo
1455 1198 1883 1266 respondendum

191 1271 296 1336 est,
349 1268 488 1337 quod
534 1268 592 1319 in
638 1266 898 1319 diuisione
946 1267 1185 1319 omnium
1221 1268 1455 1336 partium
1491 1269 1749 1322 orationis
1788 1269 1882 1321 alii

192 1340 311 1391 octo
337 1340 517 1406 partes
545 1337 739 1405 dixere,
766 1337 1014 1390 nonnulli
1035 1337 1263 1390 eundem
1282 1357 1564 1392 numerum
1581 1339 1883 1392 minuentes

191 1426 387 1461 nomen
442 1411 497 1461 et
556 1425 856 1476 pronomen
909 1408 968 1460 in
1015 1409 1236 1461 eandem
1280 1412 1484 1477 partem
1531 1410 1882 1479 redigendum

301 1624 341 1663 8.
371 1619 489 1663 Exc.
521 1618 664 1663 Bern.
695 1622 802 1672 190,
833 1621 915 1662 20.-
959 1617 1266 1662 Reddidimus
1303 1620 1356 1662 ut
1384 1620 1622 1676 potuimus
1652 1619 1883 1682 superiori

190 1703 524 1760 superscriptio
566 1703 680 1759 (ioni
709 1715 823 1746 corr.
855 1717 912 1746 m.
943 1704 991 1758 2)
1034 1702 1274 1759 epithema
1301 1728 1356 1735 -—
1387 1703 1537 1747 diutia
1565 1729 1620 1736 -
1651 1685 1799 1748 verbX
1826 1729 1881 1735 --

188 1760 432 1816 praecedit
470 1785 523 1791 —
561 1759 871 1816 redigendum
909 1760 1197 1814 putaverunt
1225 1784 1281 1791 —
1312 1761 1413 1804 erat
1448 1761 1582 1816 (tunc
1611 1773 1649 1806 8.
1679 1761 1709 1804 l.
1742 1774 1801 1806 m.
1831 1762 1881 1815 2)

187 1841 240 1847 —
278 1815 367 1860 hac
405 1816 511 1872 (pro
550 1815 640 1859 hac
669 1830 726 1859 m.
756 1816 804 1870 2)
837 1839 891 1846 —
922 1815 1042 1860 sicut
1079 1829 1164 1859 nec
1201 1816 1343 1870 secius
1370 1816 1590 1873 (armiger
1626 1817 1883 1860 secernitur

188 1885 222 1916 s.
245 1872 273 1918 Ζ.
294 1885 351 1918 m.
373 1874 423 1926 2)
452 1886 481 1916 a
506 1885 631 1928 rege.
671 1885 929 1927 pronomen
959 1873 1030 1914 est
1050 1871 1475 1915 subministratoria
1493 1885 1601 1927 pars
1622 1886 1742 1928 quae
1765 1871 1880 1926 quid

190 1928 431 1984 (quicquid
470 1940 584 1972 corr.
613 1941 669 1970 m.
701 1930 751 1981 2)
787 1951 842 1958 --
879 1928 1194 1970 amminuoulo
1234 1927 1483 1983 (adiutorio
1512 1941 1549 1976 8.
1581 1928 1610 1972 l.
1642 1942 1699 1975 m.
1731 1931 1779 1981 2)
1809 1929 1879 1972 in-

189 1985 324 2028 firma
354 1986 464 2037 (non
495 1984 674 2027 stabilis
694 1997 730 2029 s.
751 1985 780 2031 l.
805 1998 863 2027 m.
886 1986 939 2038 2)
971 2013 1024 2019 -
1054 1983 1254 2028 videtur.
1315 1983 1372 2037 cf.
1400 1983 1536 2028 Glem.
1560 1997 1653 2029 exc.
1677 1984 1727 2041 (f.
1751 1987 1878 2036 25¹³).-

189 2040 272 2084 Est
302 2040 426 2084 enim
455 2053 711 2096 pronomen
745 2039 1193 2085 subministratoriae
1223 2053 1332 2095 pars
1364 2040 1586 2084 orationis
1606 2067 1661 2073 —
1682 2040 1880 2084 admini-

189 2097 294 2140 culo
325 2122 380 2128 —
410 2096 598 2140 videtur
629 2109 726 2140 esse
758 2123 812 2129 —
842 2096 1128 2139 adiumento.
1292 2101 1356 2140 14.
1389 2096 1505 2144 Exc.
1537 2096 1687 2142 Nanc.
1715 2110 1766 2152 p.
1799 2100 1878 2140 19:

189 2153 413 2196 Nonnulli
452 2153 665 2197 eumdem
705 2166 953 2197 numerum
989 2152 1254 2196 minuentes
1284 2153 1333 2195 in
1363 2153 1579 2197 eamdem
1609 2154 1792 2210 partem
1823 2178 1881 2185 —

190 2209 349 2253 dixere
380 2210 433 2252 ut
461 2234 516 2241 —
545 2210 860 2266 participium.

301 2396 326 2434 2
366 2405 454 2436 eon
481 2392 527 2435 P
547 2393 562 2447 ιι
585 2397 610 2435 3
641 2366 799 2436 cunctis
819 2393 866 2436 P
886 2393 902 2447 ιι
924 2392 1058 2447 scire]
1079 2404 1171 2434 non
1194 2405 1241 2436 se
1263 2392 1308 2435 P
1329 2392 1345 2447 ιι
1368 2397 1392 2435 7
1412 2392 1704 2447 inscription.
1727 2404 1810 2436 om.
1832 2394 1878 2437 P

193 2447 213 2504 Ι]
232 2447 325 2492 D*e
341 2450 538 2505 pronoffi
554 2447 610 2492 N
624 2449 640 2504 ΙΙ
661 2448 727 2493 81².
746 2449 985 2505 superiore
1003 2449 1194 2504 coep*to
1215 2448 1420 2491 humana
1440 2448 1620 2492 ratione
1638 2450 1875 2505 requiren-

1000 2513 1118 2539 caufla
1701 2512 1703 2514 ’

187 2547 314 2589 tibus
343 2546 399 2590 N
413 2547 429 2602 ΙΙ
451 2551 477 2591 8
508 2546 760 2602 aephtoma
787 2548 834 2591 P
854 2548 870 2602 ΙΙ
892 2552 916 2591 9
947 2547 1114 2590 divitia
1140 2547 1196 2591 N
1210 2547 1226 2602 ΙΙ
1251 2551 1302 2590 10
1323 2546 1595 2600 quaescionjs
1623 2546 1690 2600 P,
1721 2571 1774 2578 —
1796 2560 1877 2590 nes

188 2615 244 2646 ex
273 2602 344 2645 nis
371 2616 486 2646 corr.
506 2603 559 2646 in
588 2603 645 2647 N
659 2603 675 2659 ΙΙ
700 2608 749 2646 11
781 2603 1026 2659 praecedit
1054 2603 1111 2647 N
1126 2605 1141 2660 ΙΙ
1162 2616 1245 2646 cur
1273 2604 1319 2647 P
1339 2605 1355 2659 ΙΙ
1379 2609 1430 2646 12
1461 2602 1779 2658 quibus—est]
1813 2604 1873 2658 P,

187 2659 319 2712 131(=
336 2659 614 2714 respondeo)
631 2658 688 2702 N
702 2659 718 2716 ΙΙ
741 2664 793 2704 13
810 2659 1052 2704 divisionis
1066 2660 1128 2703 P¹
1153 2660 1168 2715 ΙΙ
1193 2664 1245 2703 14
1263 2660 1394 2703 dixer
1411 2662 1480 2715 (er
1494 2661 1628 2711 corr.)
1651 2657 1707 2701 N
1721 2659 1736 2713 ιΙ
1758 2673 1876 2701 nun·
1951 2694 1953 2696 .

446 2725 525 2748 non

187 2740 304 2783 nulli
340 2742 406 2795 P,
502 2743 622 2786 nulli
651 2742 709 2787 N
722 2744 737 2800 ΙΙ
761 2743 961 2787 eundem
991 2758 1036 2786 n.
1068 2755 1152 2788 om.
1182 2743 1239 2787 N
1260 2743 1277 2799 ΙΙ
1308 2746 1360 2786 15
1392 2742 1559 2792 eadem
1588 2742 1690 2786 ΡΝ
1705 2743 1719 2798 ΙΙ
1741 2744 1875 2798 parte

188 2823 245 2867 N
265 2825 280 2879 ΙΙ
309 2806 548 2869 redigrunt
579 2825 644 2871 N.
1504 2808 1507 2809 ⁷
1699 2810 1710 2831 ‘-
