1980 3134
177 119 246 171 38
566 112 823 158 VIRGILII
852 112 1127 158 MARONIS
1156 112 1483 160 EPITOMAE.

174 245 319 313 yelus
351 243 495 311 yolus
527 241 666 310 ,θεῖαί
699 242 871 309 yolum
904 241 1049 308 θείας
1080 241 1214 310 yelu,
1252 258 1365 293 non
1401 240 1476 293 sic
1510 241 1629 309 yelu
1662 242 1781 309 θεῖα
1817 243 1872 294 et

178 317 370 367 cetera.
447 314 574 364 sunt
619 313 712 380 qui
759 311 968 378 dicunt,
1018 311 1144 379 quia
1179 311 1449 365 unicornis
1485 329 1693 380 semper
1727 311 1871 364 flecti

178 385 361 451 debet,
422 400 522 435 nos
584 385 764 434 autem
833 381 1140 434 inuenimus
1208 383 1494 435 unicornus
1560 384 1613 434 et
1679 383 1870 434 cetera.

179 453 455 508 sciendum
505 470 657 521 sane,
714 452 856 520 quod
910 452 1082 504 omnis
1136 452 1533 520 monosyllabae
1584 452 1870 506 declinatio

160 524 382 593 {duplici
418 522 749 575 nominatiuo
786 525 968 574 utatur
1005 525 1066 575 ut
1091 521 1240 590 plebs
1265 524 1434 590 plebis
1458 526 1512 575 et
1535 522 1872 576 nominatiuo

170 597 351 663 plebia
390 610 482 647 ars
519 596 573 645 et
610 594 762 659 ανέφίε,
802 593 889 646 bos
914 596 968 645 et
993 594 1156 646 bouis.
1205 596 1286 646 est
1311 593 1445 646 aliut
1477 611 1690 657 nomen,
1732 593 1873 662 quod

177 665 440 734 duplicem
490 663 905 716 declinationem
953 663 1322 732 duplicemque
1361 663 1675 733 qualitatem
1711 663 1874 716 habet

176 739 235 788 ut
280 752 382 788 nas
427 735 582 788 naris
616 735 745 787 nari
781 751 967 788 narem
1005 736 1058 786 et
1093 734 1312 802 reliqua.
1388 736 1469 787 est
1505 737 1558 787 et
1592 751 1695 788 nas
1727 735 1874 788 uatis

175 786 293 860 nair)
337 809 513 859 uatem
557 821 661 858 nas
702 806 836 857 nati.
912 806 1118 857 ueteres
1166 804 1444 873 dicebant,
1501 805 1639 873 quod
1692 805 1874 858 omnia

114 889 155 921 1⁰
176 876 441 929 foramina
488 875 725 944 corporis
773 891 875 929 nas
911 874 1200 930 dicebatur.
1271 876 1349 929 sol
1385 879 1612 943 utroque
1647 892 1872 928 numero

175 947 320 1000 flecti
355 963 468 998 non
503 944 843 1014 prohibetur,
882 945 975 998 sed
1011 945 1274 1015 singulari
1310 963 1531 998 numero
1578 946 1655 1000 sol
1698 945 1874 1015 ipsum

175 1017 438 1070 luminare
474 1017 593 1084 erit,
631 1018 716 1068 ast
748 1017 876 1070 soles
901 1016 1047 1084 ipsos
1073 1017 1185 1068 dies
1210 1015 1564 1084 nominamUS,
1599 1017 1656 1068 in
1682 1017 1873 1085 quibus

177 1087 259 1140 sol
306 1090 478 1140 totum
516 1086 807 1140 inluminat
843 1087 1048 1155 polum.
1122 1086 1372 1139 nonnulli
1409 1090 1592 1139 tamen
1630 1091 1873 1156 ueterum

174 1159 292 1226 ipsa
319 1157 555 1210 carmina
577 1157 707 1211 soles
730 1157 1094 1223 nominauere‚
1133 1158 1273 1210 sicut
1297 1156 1614 1210 Horatius
1640 1157 1699 1209 in
1723 1158 1873 1227 prin-

22 1252 25 1255 *
117 1239 159 1273 15
182 1229 323 1297 cipio
363 1227 638 1280 cuiusdam
675 1227 963 1281 uoluminis
1001 1227 1180 1281 taliter
1217 1245 1430 1280 exorsus
1468 1230 1548 1280 est
1583 1228 1713 1281 soles
1736 1245 1874 1282 meos

176 1300 319 1353 omni
356 1299 591 1352 ecclesiae
625 1302 831 1353 uestrae
867 1299 1176 1352 commenda
1251 1301 1377 1351 sunt
1413 1299 1576 1350 etiam
1613 1298 1872 1367 quaedam

289 1488 328 1526 3.
360 1481 420 1525 ib.
470 1479 722 1524 Sciendum
763 1482 832 1525 est
869 1493 980 1525 sane
1013 1480 1138 1535 quod
1168 1481 1318 1524 omnis
1347 1479 1529 1537 syllaba
1559 1479 1871 1525 declinatione

176 1537 353 1593 duplici
381 1536 659 1580 nominativi
689 1538 850 1580 utatur
879 1537 935 1580 ut
960 1561 1014 1568 -—
1041 1535 1358 1581 nominativus
1387 1535 1559 1592 plebis,
1593 1535 1686 1590 bis,
1719 1549 1793 1580 ars
1825 1540 1874 1581 et

177 1594 310 1647 artie,
340 1594 425 1637 bos
455 1593 504 1636 et
533 1593 680 1637 bovis.
732 1593 817 1636 Est
847 1594 896 1636 et
925 1618 977 1624 —
1008 1606 1172 1636 narem
1203 1592 1291 1647 rlq.
1324 1618 1376 1624 -
1408 1592 1697 1639 dicebantur.
1805 1598 1872 1638 10.

175 1649 290 1696 Eoec.
321 1649 474 1693 Nunc.
501 1662 548 1703 p.
581 1652 658 1692 19.-
708 1648 788 1692 Sol
824 1651 1024 1704 utroque
1061 1662 1256 1692 numero
1295 1648 1422 1692 flecti
1458 1662 1552 1692 non
1581 1648 1870 1704 prohibetur,

175 1706 260 1750 sed
304 1704 529 1762 singulari
573 1718 768 1749 numero
807 1706 875 1749 sol
911 1706 1067 1761 ipsum
1098 1737 1109 1748 .
1138 1739 1147 1749 .
1183 1742 1193 1753 ,
1222 1739 1231 1748 .
1265 1704 1490 1749 ecclesiae
1528 1707 1713 1748 vestrae
1750 1718 1872 1749 com-

175 1762 346 1806 mendo
383 1764 472 1805 hoc
511 1761 635 1804 enim
665 1763 802 1806 sonat
838 1761 1046 1805 carmina
1083 1774 1203 1805 mea.
1293 1761 1351 1814 cf.
1391 1761 1528 1805 etiam
1563 1760 1724 1805 Bedae
1758 1762 1874 1806 Orth.

168 1830 220 1874 p.
262 1821 371 1872 289,
417 1821 473 1862 33
515 1817 585 1861 K:
646 1817 726 1862 Sol
769 1819 970 1874 utroque
1014 1830 1209 1861 numero
1255 1817 1538 1872 declinatur,
1592 1817 1674 1861 sed
1719 1817 1874 1874 singu-

175 1875 338 1919 lariter
359 1875 430 1918 sol
459 1899 509 1906 -
537 1874 772 1928 significat
801 1875 850 1918 at
873 1899 924 1907 —
947 1873 1016 1917 ita
1046 1886 1233 1918 exorsus
1255 1897 1308 1905 -
1329 1873 1619 1917 commendo,
1680 1872 1869 1930 Fraqm.

175 1931 326 1978 Mont.
371 1931 447 1984 (cf.
494 1932 644 1987 app.):
701 1930 780 1974 Sol
829 1930 878 1972 in
922 1931 1121 1984 utroque
1172 1955 1219 1963 -
1264 1928 1390 1974 flecti
1440 1942 1534 1973 non
1584 1929 1870 1985 prohibetur,

175 1987 258 2032 sed
286 1987 519 2086 Singulari
554 2000 749 2031 numero
781 1986 851 2030 sol
880 2010 935 2018 -—-
965 1986 1039 2030 ast
1066 2015 1121 2021 —
1150 1986 1333 2030 veteres
1363 2011 1419 2017 —
1449 1985 1636 2029 Oratius
1666 2010 1719 2016 —
1751 1999 1874 2030 com-

175 2057 282 2088 men
318 2057 358 2087 o.

291 2217 313 2255 l
331 2212 362 2255 f.
392 2225 486 2255 non
506 2212 588 2266 sic]
619 2223 713 2255 non
743 2212 807 2254 cis
837 2210 884 2254 P
904 2211 920 2266 ΙΙ
941 2215 968 2254 4
998 2210 1255 2266 sciendum]
1295 2209 1420 2254 scien
1450 2223 1507 2255 ex
1536 2211 1643 2253 sunt
1671 2211 1718 2254 P
1739 2211 1754 2265 ΙΙ
1775 2223 1871 2254 mo-

176 2278 427 2359 nosyllabg
448 2295 494 2339 P
515 2296 530 2351 ΙΙ
554 2294 862 2359 delinationes
883 2293 939 2338 N
953 2295 969 2350 ΙΙ
991 2298 1016 2338 5
1046 2293 1235 2357 nomine
1263 2295 1310 2338 P
1330 2295 1347 2349 ΙΙ
1367 2293 1529 2351 utetur
1557 2295 1603 2338 P
1625 2295 1640 2349 ΙΙ
1661 2295 1871 2359 nomina3

176 2353 244 2396 tio
274 2352 320 2395 P
348 2352 363 2407 ΙΙ
393 2357 418 2396 6
448 2351 600 2407 plebis
629 2352 678 2396 et
705 2364 788 2395 nas
816 2349 867 2394 N
894 2354 975 2398 cet.
1005 2361 1091 2393 om.
1123 2350 1138 2405 ss
1167 2350 1274 2394 bius
1303 2350 1350 2394 P
1379 2350 1394 2405 ΙΙ
1423 2350 1495 2394 8f.
1527 2362 1589 2392 na
1617 2351 1741 2393 uasti
1771 2353 1872 2394 nati

176 2436 337 2479 natem
366 2435 489 2480 uasti
517 2436 584 2490 P,
622 2448 707 2479 nas
745 2436 868 2479 natis
897 2435 997 2479 nati
1026 2435 1187 2477 natem
1217 2433 1274 2478 N
1297 2435 1313 2490 1!
1344 2439 1396 2478 10
1425 2417 1626 2477 n¹=o²1mero
1659 2435 1703 2489 (0
1736 2437 1869 2488 eras.)

176 2519 244 2573 P,
275 2503 421 2575 utriq3
462 2519 514 2564 N
541 2520 556 2575 ΙΙ
583 2533 782 2563 numeru
819 2519 875 2563 N
882 2521 891 2548 ¹
916 2520 931 2575 ΙΙ
955 2524 1004 2562 11
1037 2518 1413 2562 flecti—numero
1451 2531 1507 2562 ex
1534 2519 1757 2563 testimon.
1788 2519 1871 2563 ad-

178 2575 306 2629 didi,
338 2589 420 2622 om.
452 2577 497 2620 P
525 2577 540 2632 ΙΙ
555 2581 662 2632 post
687 2589 880 2619 numero
908 2589 1000 2620 ras.
1028 2577 1145 2619 5—6
1173 2575 1262 2619 litt.
1293 2575 1346 2619 in
1371 2574 1445 2629 N,
1475 2574 1557 2630 qui
1582 2575 1636 2618 in
1665 2575 1873 2631 maryine

178 2631 309 2676 habet
346 2632 606 2676 declinatur
643 2632 725 2676 sed
762 2631 1063 2687 singulariter
1097 2631 1250 2686 ipsum
1287 2630 1516 2675 luminare
1553 2629 1590 2673 si
1626 2630 1782 2674 nificat
1822 2634 1871 2675 at

176 2687 425 2743 pluraliter
470 2689 677 2743 sequitur
712 2702 803 2732 ras.
835 2690 1010 2732 10—12
1039 2687 1126 2732 litt.
1157 2687 1172 2742 ΙΙ
1203 2691 1253 2730 12
1268 2687 1301 2730 f.
1340 2686 1594 2742 inq:b:so
1616 2687 1746 2729 utum
1777 2686 1823 2729 P
1847 2689 1867 2742 Η

179 2747 232 2787 13
263 2743 423 2787 tamen
453 2747 664 2787 veterum
695 2757 778 2788 om.
809 2744 865 2788 N
885 2744 901 2799 ΙΙ
935 2748 985 2787 14
1013 2744 1349 2788 nominavere*
1376 2743 1433 2787 N
1455 2743 1471 2798 ΙΙ
1500 2741 1675 2786 oratius
1705 2742 1751 2785 P
1779 2743 1794 2798 ΙΙ
1818 2747 1870 2786 15

178 2812 306 2843 meos
343 2813 399 2843 ex
435 2813 566 2843 meus
603 2801 648 2843 P
669 2802 804 2856 ”post
842 2813 970 2843 meos
1007 2813 1098 2845 ras.
1130 2802 1243 2843 4-5
1279 2799 1372 2843 litt.
1403 2798 1458 2842 N
1481 2798 1496 2853 ΙΙ
1527 2802 1580 2841 16
1618 2798 1775 2841 omni*
1805 2797 1868 2852 N,

179 2857 336 2899 omnia
351 2856 397 2899 P
417 2857 432 2911 ΙΙ
455 2855 663 2900 aeclesiae
679 2858 725 2900 P
746 2857 762 2911 ΙΙ
784 2856 897 2901 codo
913 2856 959 2899 P
979 2856 994 2912 ΙΙ
1019 2860 1070 2899 16
1085 2854 1133 2900 ff.
1157 2856 1265 2899 sunt
1279 2853 1690 2899 etiam—vassibus
1705 2867 1787 2899 om.
1803 2854 1867 2898 N.
