1980 3134
200 84 270 138 46
589 68 846 146 VIRfflLu
876 78 1153 124 MARoms
1183 78 1508 125 EPITOMAE.

153 213 159 218 '
201 211 503 279 iunguntur
521 211 581 260 ut
596 209 840 276 quisdam
869 210 1073 274 eyomet.
1120 222 1173 260 se
1196 205 1589 259 nominatiuum
1613 206 1895 275 utriusque

201 280 410 333 numeri
457 279 652 331 habere
696 294 806 329 non
850 279 1045 345 potest.
1115 281 1247 330 totus
1291 276 1592 346 genitiuum
1628 277 1892 345 pluralem

199 368 312 404 non
349 350 512 402 habet
549 352 603 401 et
638 348 741 400 hoc
777 364 1076 415 pronomen
1117 350 1224 412 est,
1269 351 1324 399 at
1371 347 1540 399 omnis
1574 364 1772 399 nomen
1810 351 1895 400 est

199 421 535 473 adiectiuum.
583 419 724 472 ullus
761 419 981 486 accepta
1014 435 1054 470 u
1088 417 1324 488 negandi
1358 416 1522 469 habet
1554 417 1817 470 dicionem
1838 421 1894 470 et

157 507 177 539 5
201 490 403 544 adiecto
456 506 565 542 uon
617 491 678 540 ut
729 488 973 541 nonnulli
1025 487 1222 540 multos
1267 487 1539 556 significat
1583 490 1638 539 et
1683 487 1785 540 hoc
1831 488 1893 540 in

199 561 393 629 plurali
438 562 651 612 tantum
698 575 921 610 numero
961 558 1158 610 euenit.
1234 562 1419 624 quotus
1466 557 1607 610 sicut
1643 562 1779 611 totus
1815 558 1892 611 sic

199 631 520 699 declinatur3
560 632 684 696 quot
715 646 842 680 uero
879 627 1190 680 aduerbium
1226 627 1437 680 numeri
1474 630 1570 684 est.
1625 645 1765 682 unus
1794 646 1893 697 per

199 701 455 768 quosdam
513 699 836 767 conponitur
890 698 1086 768 gradus
1142 702 1204 751 ut
1256 699 1516 765 unusquis
1565 701 1619 750 et
1665 698 1894 751 adicitur

197 772 555 838 uuusquisque
592 774 646 822 et
680 769 844 821 habet
878 769 1161 837 pluraliter
1196 769 1394 836 siuyuli
1430 769 1637 835 quique.
1693 769 1892 822 abhinc

135 857 175 888 10
199 842 379 893 omnia
431 841 752 909 pronomina
805 840 1015 892 numeri
1069 839 1397 908 singularem
1442 856 1725 891 numerum
1778 857 1892 892 non

196 911 398 964 habent
432 914 493 963 ut
529 912 631 964 duo
656 914 773 963 tres,
835 928 867 962 a
890 909 1161 962 ueteribus
1188 909 1525 962 declinantur
1549 910 1643 962 dui
1668 910 1892 963 duorum

196 983 317 1035 duis
362 982 491 1035 duos
538 1001 574 1035 a
618 981 760 1048 duis,
812 981 888 1032 sic
936 983 990 1032 et
1037 981 1182 1034 ambi
1195 1021 1210 1049 ‚
1267 980 1462 1032 rectius
1510 982 1685 1032 autem
1734 979 1919 1044 declifl

194 1055 394 1104 nantur
438 1053 539 1104 duo
584 1052 748 1104 duum
792 1051 991 1104 duobus
1029 1051 1158 1104 duos
1194 1068 1229 1104 a
1266 1051 1487 1116 duobuS,
1535 1050 1612 1102 sic
1650 1052 1703 1102 et
1739 1050 1892 1104 ambo

197 1123 450 1176 ambuum
486 1122 752 1175 ambobus.
811 1121 947 1174 alter
983 1121 1200 1174 alterius
1236 1121 1300 1173 de
1338 1120 1541 1172 duobus
1579 1120 1788 1188 dicitur,
1812 1123 1890 1173 at

135 1206 176 1238 1⁵
200 1193 433 1246 alternus
470 1192 533 1244 de
571 1191 963 1244 successionum
1001 1191 1207 1243 uicibus
1246 1191 1442 1243 dicitur
1477 1191 1614 1243 sicut
1651 1190 1893 1244 Cicero

197 1263 415 1331 uiyilias
460 1262 638 1330 inquit
674 1262 899 1330 ayebaut
933 1262 1125 1314 alterni
1160 1261 1263 1314 sibi
1297 1262 1631 1314 succedentes,
1708 1263 1800 1328 qui
1836 1264 1891 1314 et

195 1334 327 1401 quis,
367 1350 502 1399 quae
539 1334 592 1384 et
629 1349 736 1398 qua
772 1334 827 1384 et
863 1333 1001 1398 quod
1025 1335 1078 1384 et
1102 1333 1232 1398 quid
1254 1332 1500 1384 similiter
1523 1331 1892 1401 inueniuntur,

197 1403 288 1455 sed
324 1421 487 1455 unam
522 1402 933 1455 declinationem
967 1402 1170 1454 habent
1206 1420 1268 1454 ac
1300 1402 1632 1455 nominatiuo
1666 1402 1888 1472 adiungi

194 1490 304 1525 non
350 1473 568 1540 debent,
617 1474 705 1524 sed
747 1472 989 1542 genitiuo
1028 1473 1219 1541 plurali
1257 1474 1342 1525 uel
1380 1473 1616 1525 ablatiuo
1654 1473 1887 1525 eiusdem

130 1558 170 1589 20
194 1543 405 1595 numeri
453 1546 514 1595 ut
559 1543 754 1607 aliquis
790 1544 1053 1596 homiuum
1093 1543 1204 1595 siue
1243 1544 1439 1610 aliquis
1475 1560 1538 1596 ex
1573 1543 1890 1612 homiuibuS,

193 1631 303 1666 non
353 1619 531 1665 autem
579 1614 776 1680 aliquis
811 1614 988 1678 homo,
1039 1613 1170 1667 licet
1206 1616 1260 1665 et
1295 1613 1397 1666 hoc
1433 1613 1738 1665 inuenimus
1778 1631 1886 1666 uno

196 1686 407 1736 tantum
445 1683 650 1739 modo,‘
681 1685 775 1750 qui
809 1684 1145 1736 nominatiuo
1183 1683 1511 1750 adnectitur,
1551 1683 1765 1752 quando
1789 1701 1888 1752 pro

193 1754 279 1807 ille
316 1755 589 1823 accipitur.
654 1755 926 1823 quaeritur
962 1772 1117 1820 sane,
1167 1754 1294 1824 quid
1343 1754 1555 1807 intersit
1589 1754 1732 1807 inter
1767 1771 1888 1822 pro-

193 1842 391 1877 nomen
431 1827 485 1877 et
521 1825 827 1878 articulum.
889 1825 1172 1878 articulum
1211 1827 1292 1878 est
1328 1824 1431 1877 hoc
1466 1824 1607 1893 quod
1641 1842 1754 1876 non
1786 1842 1890 1893 pro

128 1908 171 1940 25
193 1895 410 1947 nomine
458 1895 550 1946 sed
598 1913 718 1947 cum
766 1895 882 1962 ipso
928 1897 1146 1949 nomine
1192 1895 1426 1949 flectitur
1471 1897 1533 1947 ut
1578 1895 1662 1947 hic
1709 1899 1884 1962 pater,

191 1983 317 2017 nam
378 1965 663 2017 articulum
724 1969 838 2017 arte
903 1965 1081 2017 minus
1147 1983 1260 2018 esse
1328 1965 1673 2017 ostendimus,
1758 1983 1886 2018 nam

193 2038 369 2088 cetera
404 2036 724 2103 pronomina
761 2035 876 2088 sola
911 2036 1263 2104 praecedente
1294 2038 1476 2088 tamen
1502 2036 1721 2088 nomine
1760 2053 1884 2088 con-

193 2108 332 2157 stare
376 2106 650 2171 dicuntur,
696 2105 798 2158 hoc
841 2110 1020 2158 autem
1063 2107 1177 2159 sine
1221 2106 1379 2175 primi
1412 2106 1647 2158 nominis
1685 2105 1884 2159 auxilio

304 2251 344 2290 2.
377 2245 516 2293 Glem.
549 2259 641 2291 exc.
674 2245 725 2301 (f.
754 2247 878 2301 29b).·
927 2245 1061 2289 Solus
1101 2258 1212 2290 vero
1251 2247 1300 2290 et
1334 2247 1462 2290 totus
1501 2245 1723 2302 genetivo
1753 2245 1883 2300 pluri

192 2301 391 2358 Virgilio
419 2302 623 2346 testante
654 2301 891 2346 deficiunt.
941 2301 1023 2345 sed
1051 2301 1100 2345 in
1132 2301 1419 2354 Quintiliano
1449 2315 1666 2345 sonorum
1698 2302 1798 2357 (sic)
1832 2303 1881 2346 et

190 2358 398 2402 totorum
427 2358 744 2405 inveniuntur,

307 2477 327 2514 1
359 2471 590 2526 utriusqui
618 2471 664 2514 P
685 2471 700 2526 ΙΙ
723 2474 747 2513 6
770 2485 800 2526 q
821 2472 977 2514 uostos
996 2471 1084 2526 (tos
1106 2484 1161 2514 ex
1179 2471 1271 2523 tus)
1293 2470 1340 2540 P
1359 2471 1375 2526 ΙΙ
1399 2475 1422 2514 7
1444 2469 1718 2514 adverbium
1747 2472 1816 2525 est
1834 2472 1881 2538 P

193 2541 259 2597 119
290 2541 583 2597 unusquique
613 2541 659 2584 P
679 2541 695 2596 11
720 2545 770 2583 12
792 2555 820 2584 a
849 2541 950 2584 duis
971 2552 1054 2587 om.
1077 2540 1134 2585 N
1148 2542 1164 2596 ΙΙ
1185 2541 1336 2584 rectis.
1367 2541 1435 2595 P,
1466 2541 1636 2584 rectius
1665 2552 1750 2585 om.
1782 2542 1876 2598 ΝΗ

193 2615 244 2655 13
275 2611 432 2667 ambo]
466 2611 558 2655 alio
588 2611 635 2655 P
664 2612 679 2667 ιι
705 2616 756 2654 14
784 2611 901 2655 alter
930 2623 1014 2655 om.
1046 2611 1103 2656 N
1127 2612 1142 2667 n
1175 2612 1269 2656 15f.
1301 2599 1456 2695 aissgps
1495 2611 1577 2654 aut
1616 2600 1684 2657 ast
1714 2612 1776 2669 (γ.
1799 2611 1886 2669 &15

189 2708 381 2772 ponitur
400 2709 452 2752 iu
481 2710 706 2766 maryine)
745 2723 832 2754 nec
868 2690 1092 2754 sibisvgce
1123 2710 1284 2754 dentes
1304 2709 1360 2754 N
1381 2709 1590 2765 sequitur
1611 2709 1648 2752 &
1668 2708 1742 2752 hic
1764 2709 1876 2764 quid

192 2767 226 2819 (1
256 2777 326 2809 ecc.
355 2765 492 2819 corr.)
524 2765 667 2809 distat
694 2767 710 2822 ΙΙ
742 2771 792 2810 16
822 2765 1031 2822 virgilias
1058 2767 1105 2809 P
1125 2767 1141 2822 ΙΙ
1165 2771 1217 2810 18
1248 2767 1319 2821 ac]
1353 2765 1442 2809 hac
1470 2766 1517 2809 P
1537 2766 1552 2820 Ι]
1574 2770 1627 2808 22
1659 2765 1880 2809 acnectit'

188 2821 235 2864 P
255 2822 270 2877 ΙΙ
293 2826 345 2865 23
376 2821 456 2864 illa
484 2822 642 2877 131125
671 2823 772 2878 ipso
802 2823 939 2878 pater
967 2823 1155 2866 nomine
1185 2823 1217 2866 f.
1247 2837 1291 2866 u.
1322 2821 1396 2865 hic
1427 2822 1485 2865 P.
