1980 3134
673 83 753 127 111.
801 82 882 126 DE
912 83 1130 133 UERBO.
1646 89 1743 142 141

60 228 164 262 non
200 209 598 277 meditatiuam‚
648 209 774 262 licet
818 210 870 261 id
910 212 1235 264 consuetudo
1273 213 1428 265 nobis
1466 214 1743 284 inuexerit,

56 280 149 333 sed
184 281 554 349 permissiuam
579 298 649 332 an
674 280 1065 333 uoluntatiuam
1091 282 1265 335 dicere
1292 282 1557 337 debemus
1615 303 1747 337 nonv-

55 350 190 403 nulli
239 351 381 403 inter
426 350 558 403 alios
604 350 761 403 huius
806 351 1006 404 formae
1055 355 1217 405 uerba
1258 371 1354 422 per
1402 355 1581 406 omnia
1617 357 1747 408 tem-

54 439 188 490 pora
234 422 523 473 secundum
570 421 799 489 primam
847 422 1125 475 dumtaxat
1159 441 1443 491 personam
1481 425 1746 478 declinare

54 494 304 544 utuntur:
344 492 486 560 quod
522 509 632 543 non
669 491 802 543 mihi
840 491 1053 545 uidetur
1089 493 1482 561 inprobandum
1506 513 1605 548 nec
1629 513 1746 564 pro·
1790 511 1809 543 ⁵

54 562 303 614 bandum.

196 631 432 684 Tertiam
479 630 706 684 diximus
742 634 952 700 par-tem
990 650 1102 685 esse
1139 634 1291 686 uerbi
1330 635 1745 688 ordinationem:

57 702 206 755 cuius
272 703 329 753 in
392 703 846 771 expugnationem
900 703 1169 772 paulisper
1222 705 1477 756 inmorari
1530 723 1746 758 necesse

56 772 338 837 habemUS,
389 773 703 840 praesertim
742 790 860 824 cum
899 774 963 825 de
1010 774 1128 841 ipso
1177 775 1359 843 opinio
1394 775 1747 843 plurimorum

53 845 164 895 tam
220 843 371 895 uaria
426 845 479 894 et
530 846 641 894 tam
697 843 906 894 diuersa
960 843 1057 911 sit,
1117 848 1178 896 ut
1231 845 1357 913 quid
1408 845 1747 913 potissimum
1771 862 1812 893 10

54 912 342 965 lectoribus
390 913 600 965 animus
653 916 903 981 appetere
950 914 1168 982 debeat,
1219 915 1305 966 uel
1351 915 1627 983 ignoretur
1664 915 1749 968 uel

56 983 304 1052 ambigue
329 985 632 1051 putatiuum
659 983 932 1036 habeatur.
997 983 1263 1037 ordinatio
1292 1002 1421 1052 ergo
1449 988 1552 1054 est,
1590 1003 1748 1054 quam

58 1054 496 1123 coniugationem
543 1054 830 1106 uerborum
878 1055 1343 1107 consuetudinarie
1390 1055 1748 1107 nominamus:

54 1141 179 1176 nam
232 1125 371 1192 quod
422 1126 607 1193 iugum
655 1125 714 1175 in
761 1125 930 1177 literis
978 1129 1161 1193 sonat,
1213 1126 1328 1193 ipse
1364 1125 1750 1178 manifestatim

55 1194 182 1246 ordo
220 1197 382 1247 tenet,
444 1195 583 1247 unde
629 1194 731 1246 rati
770 1198 896 1247 sunt
931 1196 1188 1247 maiorum
1225 1196 1443 1264 plurimi
1479 1213 1590 1248 non
1629 1211 1814 1248 con-15

55 1265 356 1333 iugationes
377 1264 468 1317 sed
490 1265 852 1317 ordinationes
875 1265 1178 1318 scribendas
1199 1284 1325 1318 esse.
1363 1265 1551 1318 harum
1571 1269 1750 1318 autem

56 1335 457 1387 ordinationum
504 1353 782 1388 numerum
828 1335 981 1387 multi
1018 1338 1149 1399 treS‚
1197 1336 1445 1388 nonnulli
1483 1338 1748 1404 quattuor,

57 1405 150 1457 alii
188 1405 419 1474 quinque
456 1406 543 1458 uel
581 1423 673 1457 sex
710 1409 979 1458 sumentes
1017 1406 1317 1458 confudere.
1375 1424 1499 1458 nam
1538 1409 1751 1474 praeter

55 1479 163 1528 tres
176 1516 190 1543 ‚
239 1477 411 1528 omnis
459 1493 640 1528 eorum
678 1476 897 1528 uacillat
935 1476 1144 1546 opinio,
1185 1477 1312 1528 licet
1348 1478 1592 1544 quartam
1630 1494 1751 1528 con-

55 1546 412 1616 iugationem,
452 1547 564 1599 siue
603 1549 663 1598 ut
699 1546 824 1598 huic
860 1547 918 1598 in
954 1547 1201 1599 manibus
1228 1547 1505 1614 habemus,
1547 1546 1749 1599 ordina·
1775 1562 1816 1594 20

57 1618 260 1670 tionem
288 1617 469 1686 (non)
497 1616 627 1669 adeo
654 1617 992 1669 refutandam
1019 1635 1130 1669 esse
1158 1617 1532 1670 existimemus,
1590 1634 1750 1685 porro

56 1687 271 1740 tertiam
310 1687 696 1740 ordinationem
738 1688 795 1739 in
834 1691 943 1740 tres
969 1688 1207 1756 plerique
1236 1686 1571 1739 diuidendam
1597 1690 1750 1757 puta-

57 1760 210 1821 runt,
253 1760 315 1809 ut
353 1758 423 1810 sit
458 1758 632 1826 prima
672 1775 805 1826 quae
843 1776 971 1811 uero
1003 1759 1288 1825 producta,
1327 1761 1388 1810 ut
1412 1758 1598 1823 audin,
1637 1759 1752 1810 dor-

60 1829 194 1893 mi0‚·
249 1846 383 1897 quae
427 1828 512 1880 uel
560 1830 790 1881 maxime
836 1829 894 1880 in
940 1827 1024 1880 his
1071 1828 1240 1881 modis
1288 1828 1374 1880 uel
1420 1828 1752 1896 temporibus

58 1898 417 1967 facillimeque
455 1899 785 1964 denoscitur,
828 1917 962 1967 quae
1002 1916 1182 1951 sumus
1220 1898 1444 1950 inferius
1482 1897 1748 1965 scripturi.
1775 1912 1815 1943 25

61 1969 258 2021 etenim
295 1987 405 2021 non
444 1974 524 2021 est
558 1970 613 2021 id
651 1970 793 2038 quod
830 1970 888 2021 in
924 1973 1159 2022 mentem
1191 1968 1348 2021 modo
1375 1969 1526 2020 uenit
1551 1969 1754 2022 lubrica

12 2036 23 2047 “
56 2041 291 2106 irrepens
325 2043 498 2108 raptet
533 2041 741 2093 obliuio.

200 2109 423 2162 Memini
449 2128 533 2162 me
560 2129 591 2162 a
618 2111 847 2179 quodam
868 2109 1047 2179 Lupo
1076 2109 1367 2162 christiano
1386 2109 1502 2161 uiro
1525 2107 1752 2159 Athensi

59 2179 116 2231 in
154 2181 360 2233 ratione
397 2182 682 2233 uerborum
710 2182 838 2233 satis
867 2183 1110 2248 expert0,
1151 2198 1269 2233 cum
1294 2179 1446 2231 illum
1469 2178 1752 2230 uerborum

59 2250 358 2303 difficilium
388 2251 774 2319 interrogarem
802 2251 1263 2319 <ordinationem>
1290 2249 1518 2318 qualiter
1543 2251 1598 2300 et
1622 2265 1749 2316 quo·
1774 2263 1815 2295 30

58 2321 214 2372 modo
252 2324 306 2373 et
342 2339 447 2389 qua
483 2322 693 2374 ratione
731 2323 937 2373 uariata
974 2321 1065 2388 sit,
1104 2321 1283 2372 taliter
1308 2320 1375 2372 ab
1401 2337 1462 2372 eo
1491 2319 1749 2371 edoctum.

58 2392 234 2444 uariis
270 2391 482 2459 inquid,
521 2392 622 2459 fili,
663 2392 1055 2460 opinationibus
1090 2408 1198 2444 non
1221 2392 1354 2445 satis
1379 2391 1583 2453 credaS,
1624 2389 1753 2454 quia

173 2551 198 2588 2
230 2546 309 2601 an]
345 2559 398 2588 ac
429 2544 534 2588 Mai
555 2546 570 2599 ΙΙ
593 2550 618 2589 3
649 2544 765 2587 alias
785 2544 841 2587 N
856 2545 871 2597 Η
895 2549 920 2586 4
949 2544 1200 2587 secundam
1222 2543 1278 2587 N
1293 2544 1308 2599 ΙΙ
1331 2548 1356 2586 5
1385 2541 1748 2598 inprobandum]

58 2603 87 2645 ᾗ
117 2615 172 2646 ex
201 2614 315 2645 corr.
348 2602 403 2645 N
420 2602 436 2656 ss
458 2601 528 2644 5f.
560 2600 790 2657 probandi
818 2600 874 2643 N
899 2601 1057 2655 itaque
1085 2600 1280 2654 fortasse
1309 2600 1374 2643 sic
1404 2598 1642 2655 leyendnm
1672 2598 1753 2652 qui

59 2671 154 2701 non
183 2657 299 2700 mihi
329 2657 549 2700 videntur
577 2657 859 2713 inprobandi
888 2669 976 2699 nec
1007 2656 1238 2711 probandi
1259 2656 1275 2711 ΙΙ
1300 2661 1347 2698 11
1380 2655 1486 2709 fort.
1521 2653 1709 2698 lectoris
1742 2652 1767 2708 Ι·

63 2720 114 2756 12
151 2714 417 2770 patativum
451 2713 507 2757 N
537 2714 553 2770 ΙΙ
586 2718 635 2756 16
676 2727 804 2756 arum
843 2712 899 2756 N
922 2713 938 2768 ΙΙ
971 2717 1021 2756 19
1059 2712 1262 2756 vacellat
1299 2711 1354 2755 N
1376 2712 1463 2767 1121
1505 2723 1598 2753 non
1636 2710 1700 2754 ad
1740 2745 1748 2753 .

61 2770 168 2814 Mai
188 2771 204 2826 ΙΙ
226 2775 280 2814 28
309 2769 586 2814 Atheniensi
607 2770 714 2813 Mai
742 2769 796 2813 in
817 2769 859 2812 I.
884 2769 1083 2812 editione
1111 2769 1217 2822 fort.
1249 2769 1404 2823 recten
1426 2767 1525 2815 291².
1558 2767 1616 2811 de
1647 2779 1745 2810 ver-

59 2826 577 2871 borum—ordinatione
608 2840 722 2871 corr.
749 2825 855 2869 Mai
876 2827 891 2881 ΙΙ
914 2830 967 2869 30
997 2824 1336 2868 ordinationem
1367 2824 1478 2871 add.
