1980 3134
803 86 1160 133 PRAEFATIO.
1751 87 1817 132 IX

130 248 213 294 tus
252 247 342 293 est.
430 244 552 291 Pars
601 241 764 304 operis
802 242 988 304 incepti
1025 258 1186 304 neque
1225 241 1445 291 absoluti
1490 245 1691 304 recepta
1740 246 1816 292 est

131 319 183 367 in
221 317 544 381 appendicem
582 316 646 364 ad
685 331 836 378 opera
864 316 1010 364 edita
1048 316 1111 364 ab
1150 316 1210 364 A.
1251 315 1382 364 Maio
1420 333 1466 378 p.
1509 317 1815 379 113—166,

133 393 218 455 qui
258 392 386 441 liber
422 389 611 454 prodiit
649 390 835 438 Romae
874 405 1002 438 anno
1045 392 1202 439 1871.
1286 388 1514 439 Codicem
1560 390 1613 437 in
1650 406 1816 439 meum

131 483 279 515 usum
322 464 534 514 contulit
574 462 633 512 G.
670 464 934 527 Meynck03
981 464 1116 513 locos
1157 464 1399 526 quosdam
1435 464 1495 512 A.
1536 463 1816 513 Goldmann

134 557 164 590 a
200 555 280 588 me
319 541 524 603 rogatus
563 538 749 586 iterum
785 538 1016 600 inspexit.

276 613 419 662 Folia
486 611 703 674 quinque
763 612 946 661 codicis
1007 612 1257 675 quondam
1319 611 1814 675 Salisburgensis

132 680 229 754 (nr.
273 681 402 752 164)
442 686 496 734 in
533 686 942 748 fragmentum
965 685 1432 735 Vindobonense
1469 688 1646 735 19556
1686 688 1874 735 nuch

131 763 248 809 sunt
269 762 486 820 redacta,
520 760 579 809 de
611 759 793 822 quibus
826 774 940 807 cum
969 760 1020 807 in
1053 761 1469 808 commentatione
1494 761 1693 822 saepius
1717 777 1817 808 me-

128 837 325 884 morata
362 834 523 883 fusius
562 834 905 894 tractaverim,
946 849 1098 896 agere
1136 834 1216 882 hic
1256 835 1571 896 supersedeo.
1652 834 1818 883 Codex

132 908 420 972 deperditus
458 907 726 956 maximam
763 910 961 970 partem
1000 908 1213 970 scriptus
1254 911 1363 956 erat
1402 924 1438 957 s.
1478 907 1564 956 IX.

278 982 436 1031 Pretii
473 998 574 1031 non
610 981 816 1030 minoris
857 983 934 1030 est
971 982 1187 1030 alterum
1218 982 1646 1045 fragmentum,
1687 983 1818 1045 quod

131 1057 184 1105 in
223 1057 387 1105 codice
426 1056 745 1104 miscellaneo
784 1056 1084 1118 Angelico
1126 1071 1333 1104 numero
1371 1055 1433 1106 V.
1474 1058 1521 1105 3.
1556 1059 1623 1105 22
1663 1057 1875 1121 insig-A

133 1131 239 1180 nito
265 1133 429 1179 exstat
453 1146 566 1179 cum
588 1129 912 1191 inscriptione
934 1129 969 1178 f.
996 1131 1110 1179 31':
1144 1128 1494 1178 INCIPIUNT
1520 1129 1814 1179 EPITOME

127 1203 416 1253 VIRGILII
461 1202 778 1252 MARONIS.
855 1204 1068 1252 Latinus
1115 1220 1147 1253 a
1193 1219 1284 1264 quo
1330 1205 1549 1253 latinitas
1607 1231 1670 1238 —
1719 1220 1816 1266 pro

130 1281 315 1328 unitate
337 1280 414 1327 dei
436 1280 525 1327 alti
548 1271 605 1344 (f.
626 1271 754 1344 321).
793 1277 1108 1326 Praecedunt
1122 1294 1297 1327 versus
1322 1278 1584 1327 cuiusdam
1601 1279 1816 1328 doctoris

129 1368 279 1415 super
302 1353 668 1415 epigrammata
689 1351 939 1413 Prosperi,
964 1367 1177 1415 quorum
1200 1355 1279 1401 est
1302 1352 1535 1401 ultimus:
1561 1347 1818 1402 ‘sidereum

129 1428 216 1476 celi
254 1429 454 1487 cupiunt
489 1428 573 1487 qm:
609 1427 840 1475 scandere
878 1421 1118 1487 reynum';
1166 1426 1395 1488 sequitur
1442 1429 1611 1475 autem
1649 1426 1817 1490 Virgi-

128 1500 252 1549 lium
297 1499 603 1562 Auyustinus
664 1501 722 1548 de
772 1514 941 1548 novem
992 1502 1146 1549 musis
1197 1503 1251 1549 in
1304 1501 1426 1549 libro
1480 1502 1538 1549 de
1598 1502 1817 1550 doctrina

132 1575 412 1623 christiana.
490 1573 848 1637 Fragmentum
885 1575 1126 1636 perutile,
1166 1574 1300 1636 quod
1336 1575 1585 1624 Arevalus
1625 1575 1816 1637 primus

130 1649 183 1696 in
230 1648 446 1697 editione
494 1647 685 1696 Sedulii
730 1664 778 1710 p.
817 1648 923 1696 425
971 1648 1163 1710 publici
1207 1648 1333 1697 iuris
1373 1648 1512 1709 fecit,
1560 1648 1612 1695 in
1649 1664 1818 1698 meum

130 1737 279 1771 usum
304 1738 335 1770 a
357 1721 414 1771 G.
440 1721 700 1785 Meynckio
725 1723 984 1770 exaratum
1019 1722 1072 1769 in
1104 1721 1374 1784 appendice
1404 1722 1553 1770 huius
1586 1722 1817 1771 editionis

128 1797 311 1845 iterum
352 1795 500 1844 edidi.
578 1794 743 1844 Codex
782 1798 860 1844 est
891 1811 929 1843 s.
961 1795 1006 1843 X
1045 1790 1129 1860 (cf.
1161 1795 1321 1844 Pertz.
1353 1796 1504 1844 Arch.
1535 1796 1634 1844 XII
1667 1790 1816 1863 376).

277 1870 582 1932 Excerpta
621 1885 681 1918 ex
710 1868 913 1931 Virgilii
951 1869 1183 1932 epitomis
1214 1869 1346 1918 inter
1375 1870 1818 1933 grammaticorum

131 1944 407 1993 multorum
439 1944 627 2006 scripta
659 1943 880 1992 continet
919 1943 1071 1992 codex
1100 1943 1515 2006 Montepessul
1529 1960 1674 1993 anus
1710 1947 1815 1994 306

131 2033 167 2067 s,
201 2018 273 2065 IX
302 2018 339 2068 f.
365 2020 431 2067 32
467 2033 504 2068 s,
537 2010 623 2085 (cf.
655 2020 751 2066 cat.
783 2021 894 2080 gen.
928 2016 1014 2066 des
1047 2018 1239 2079 depart.
1269 2012 1318 2083 I)
1353 2033 1467 2066 cum
1495 2018 1818 2081 inscriptione

129 2092 243 2140 hac:
282 2091 785 2140 DIFFERENTIAE
818 2089 1190 2140 SERMONUM
1215 2092 1305 2139 EX
1335 2091 1651 2141 EPITOMIS
1676 2092 1821 2140 VIR-

132 2164 312 2214 GILII.
387 2164 544 2214 Aliud
583 2170 651 2214 est
687 2167 782 2215 dici
825 2191 887 2198 —
931 2167 1158 2226 quoniam
1194 2168 1429 2215 iurabant
1460 2162 1515 2229 (f.
1548 2160 1658 2231 34).
1737 2166 1819 2214 Se-

129 2240 302 2302 quitur
339 2239 430 2287 EX
459 2239 662 2288 LIBRO
697 2231 1056 2306 GATONIsl)
1131 2239 1255 2288 Sunt
1285 2241 1516 2289 adverbia
1547 2241 1721 2289 localia
1749 2266 1812 2274 —

131 2315 184 2363 id
222 2317 289 2362 est
325 2328 423 2361 non
455 2329 581 2362 sana
612 2312 666 2374 (f.
693 2306 831 2379 35“).
908 2313 1118 2361 Librum
1148 2314 1201 2361 in
1230 2330 1397 2362 meum
1425 2329 1574 2362 usum
1605 2314 1819 2362 contulit

131 2387 198 2435 M.
222 2387 432 2448 Bonnet,
462 2387 540 2436 vir
570 2388 746 2436 doctus
779 2402 835 2434 ac
866 2386 1102 2435 liberalis.
1180 2387 1483 2448 Excerptum
1513 2403 1612 2436 non
1642 2388 1817 2436 inutile

130 2461 182 2508 in
221 2460 491 2523 appendice
529 2460 718 2522 publici
753 2460 876 2508 iuris
915 2460 1023 2509 feci.

282 2534 450 2582 Etiam
505 2534 556 2581 in
602 2534 768 2582 codice
815 2533 1255 2583 Mediolanensi
1309 2528 1663 2600 (bibliothecae
1701 2534 1819 2582 Am-

133 2602 416 2674 brosianae)
454 2607 507 2655 M
548 2610 577 2656 7
585 2610 614 2656 9
657 2623 693 2658 s·
731 2607 805 2655 XI
842 2622 956 2669 pag.
999 2609 1089 2656 511
1131 2611 1418 2670 excerptum
1465 2608 1714 2670 quoddam
1759 2624 1818 2656 ex

285 2779 329 2834 1)
368 2776 510 2821 Edidi
555 2777 679 2821 hunc
717 2778 975 2821 tractatum
1013 2776 1064 2821 in
1100 2789 1208 2822 mea
1245 2776 1304 2821 de
1342 2776 1543 2834 Virgilio
1582 2791 1817 2822 commen-

131 2836 314 2882 tatione
345 2852 390 2895 p.
426 2843 480 2882 13
515 2850 548 2882 s,
