<?xml version="1.0" encoding="UTF-8"?>
<!DOCTYPE html PUBLIC "-//W3C//DTD XHTML 1.0 Transitional//EN"
    "http://www.w3.org/TR/xhtml1/DTD/xhtml1-transitional.dtd">
<html xmlns="http://www.w3.org/1999/xhtml" xml:lang="en" lang="en">
 <head>
  <title>
</title>
<meta http-equiv="Content-Type" content="text/html;charset=utf-8" />
  <meta name='ocr-system' content='tesseract 3.04.00' />
  <meta name='ocr-capabilities' content='ocr_page ocr_carea ocr_par ocr_line ocrx_word'/>
</head>
<body>
  <div class='ocr_page' id='page_1' title='image "./virgiliimaronisg00virguoft_0007.png"; bbox 0 0 1952 3134; ppageno 0'>
   <div class='ocr_carea' id='block_1_1' title="bbox 675 689 1283 751">
    <p class='ocr_par' dir='ltr' id='par_1_1' title="bbox 675 689 1283 751">
     <span class='ocr_line' id='line_1_1' title="bbox 675 689 1283 751; baseline 0 -1"><span class='ocrx_word' id='word_1_1' title='bbox 675 689 1283 751; x_wconf 80' lang='lat' dir='ltr'><strong>PRAEFATIO.</strong></span> 
     </span>
    </p>
   </div>
   <div class='ocr_carea' id='block_1_2' title="bbox 125 942 1892 2413">
    <p class='ocr_par' dir='ltr' id='par_1_2' title="bbox 125 942 1892 2190">
     <span class='ocr_line' id='line_1_2' title="bbox 277 942 1821 1007; baseline -0.001 -14"><span class='ocrx_word' id='word_1_2' title='bbox 277 944 402 993; x_wconf 86' lang='lat' dir='ltr'>Cum</span> <span class='ocrx_word' id='word_1_3' title='bbox 459 947 574 993; x_wconf 88' lang='lat' dir='ltr'>ante</span> <span class='ocrx_word' id='word_1_4' title='bbox 624 945 715 992; x_wconf 88' lang='lat' dir='ltr'>hos</span> <span class='ocrx_word' id='word_1_5' title='bbox 764 946 1006 1007; x_wconf 87' lang='lat' dir='ltr'>quattuor</span> <span class='ocrx_word' id='word_1_6' title='bbox 1051 959 1207 993; x_wconf 85' lang='lat' dir='ltr'>annos</span> <span class='ocrx_word' id='word_1_7' title='bbox 1255 944 1315 992; x_wconf 91' lang='lat' dir='ltr'>de</span> <span class='ocrx_word' id='word_1_8' title='bbox 1353 942 1569 1005; x_wconf 85' lang='lat' dir='ltr'>Virgilio</span> <span class='ocrx_word' id='word_1_9' title='bbox 1617 943 1821 992; x_wconf 82' lang='lat' dir='ltr'>Marone</span> 
     </span>
     <span class='ocr_line' id='line_1_3' title="bbox 129 1013 1822 1083; baseline -0.002 -15"><span class='ocrx_word' id='word_1_10' title='bbox 129 1019 457 1083; x_wconf 88' lang='lat' dir='ltr'>grammatico</span> <span class='ocrx_word' id='word_1_11' title='bbox 481 1019 641 1066; x_wconf 85' lang='lat' dir='ltr'>fusius</span> <span class='ocrx_word' id='word_1_12' title='bbox 661 1033 862 1081; x_wconf 84' lang='lat' dir='ltr'>agerem</span> <span class='ocrx_word' id='word_1_13' title='bbox 875 1013 932 1083; x_wconf 79' lang='lat'>¹),</span> <span class='ocrx_word' id='word_1_14' title='bbox 958 1017 1018 1065; x_wconf 92' lang='lat' dir='ltr'>de</span> <span class='ocrx_word' id='word_1_15' title='bbox 1036 1018 1237 1066; x_wconf 86' lang='lat' dir='ltr'>edendis</span> <span class='ocrx_word' id='word_1_16' title='bbox 1254 1018 1332 1065; x_wconf 88' lang='lat' dir='ltr'>his</span> <span class='ocrx_word' id='word_1_17' title='bbox 1350 1017 1584 1080; x_wconf 83' lang='lat' dir='ltr'>operibus</span> <span class='ocrx_word' id='word_1_18' title='bbox 1600 1017 1822 1066; x_wconf 90' lang='lat' dir='ltr'>nondum</span> 
     </span>
     <span class='ocr_line' id='line_1_4' title="bbox 128 1091 1821 1156; baseline -0.002 -14"><span class='ocrx_word' id='word_1_19' title='bbox 128 1093 359 1156; x_wconf 87' lang='lat' dir='ltr'>cogitavi.</span> <span class='ocrx_word' id='word_1_20' title='bbox 452 1092 736 1140; x_wconf 88' lang='lat' dir='ltr'>Haerebam</span> <span class='ocrx_word' id='word_1_21' title='bbox 775 1091 928 1154; x_wconf 89' lang='lat' dir='ltr'>enim,</span> <span class='ocrx_word' id='word_1_22' title='bbox 975 1107 1096 1139; x_wconf 93' lang='lat' dir='ltr'>num</span> <span class='ocrx_word' id='word_1_23' title='bbox 1133 1093 1226 1141; x_wconf 92' lang='lat' dir='ltr'>hoc</span> <span class='ocrx_word' id='word_1_24' title='bbox 1266 1091 1709 1154; x_wconf 82' lang='lat' dir='ltr'>grammaticorum</span> <span class='ocrx_word' id='word_1_25' title='bbox 1745 1091 1821 1139; x_wconf 89' lang='lat' dir='ltr'>in-</span> 
     </span>
     <span class='ocr_line' id='line_1_5' title="bbox 126 1164 1821 1229; baseline -0.002 -14"><span class='ocrx_word' id='word_1_26' title='bbox 126 1167 272 1216; x_wconf 86' lang='lat' dir='ltr'>fimae</span> <span class='ocrx_word' id='word_1_27' title='bbox 324 1166 504 1215; x_wconf 86' lang='lat' dir='ltr'>aetatis</span> <span class='ocrx_word' id='word_1_28' title='bbox 553 1166 776 1214; x_wconf 85' lang='lat' dir='ltr'>studium</span> <span class='ocrx_word' id='word_1_29' title='bbox 826 1165 957 1214; x_wconf 85' lang='lat' dir='ltr'>tanti</span> <span class='ocrx_word' id='word_1_30' title='bbox 1004 1166 1190 1229; x_wconf 89' lang='lat' dir='ltr'>ubique</span> <span class='ocrx_word' id='word_1_31' title='bbox 1244 1166 1596 1214; x_wconf 71' lang='lat' dir='ltr'>aestimaretur</span> <span class='ocrx_word' id='word_1_32' title='bbox 1647 1164 1821 1228; x_wconf 88' lang='lat' dir='ltr'>quanti</span> 
     </span>
     <span class='ocr_line' id='line_1_6' title="bbox 129 1239 1822 1304; baseline -0.002 -15"><span class='ocrx_word' id='word_1_33' title='bbox 129 1242 358 1304; x_wconf 87' lang='lat' dir='ltr'>equidem</span> <span class='ocrx_word' id='word_1_34' title='bbox 389 1240 639 1288; x_wconf 90' lang='lat' dir='ltr'>haberem.</span> <span class='ocrx_word' id='word_1_35' title='bbox 716 1240 829 1288; x_wconf 90' lang='lat' dir='ltr'>Non</span> <span class='ocrx_word' id='word_1_36' title='bbox 867 1240 1073 1288; x_wconf 87' lang='lat' dir='ltr'>deerant</span> <span class='ocrx_word' id='word_1_37' title='bbox 1102 1243 1272 1288; x_wconf 91' lang='lat' dir='ltr'>tamen</span> <span class='ocrx_word' id='word_1_38' title='bbox 1304 1240 1389 1302; x_wconf 89' lang='lat' dir='ltr'>qui</span> <span class='ocrx_word' id='word_1_39' title='bbox 1419 1255 1614 1287; x_wconf 90' lang='lat' dir='ltr'>mecum</span> <span class='ocrx_word' id='word_1_40' title='bbox 1645 1239 1738 1287; x_wconf 87' lang='lat' dir='ltr'>hac</span> <span class='ocrx_word' id='word_1_41' title='bbox 1768 1239 1822 1286; x_wconf 92' lang='lat' dir='ltr'>in</span> 
     </span>
     <span class='ocr_line' id='line_1_7' title="bbox 126 1313 1822 1377; baseline -0.001 -14"><span class='ocrx_word' id='word_1_42' title='bbox 126 1331 181 1363; x_wconf 92' lang='lat' dir='ltr'>re</span> <span class='ocrx_word' id='word_1_43' title='bbox 220 1315 464 1377; x_wconf 80' lang='lat' dir='ltr'>facerent3</span> <span class='ocrx_word' id='word_1_44' title='bbox 510 1314 562 1361; x_wconf 94' lang='lat' dir='ltr'>in</span> <span class='ocrx_word' id='word_1_45' title='bbox 610 1314 688 1362; x_wconf 88' lang='lat' dir='ltr'>his</span> <span class='ocrx_word' id='word_1_46' title='bbox 736 1318 844 1362; x_wconf 88' lang='lat' dir='ltr'>erat</span> <span class='ocrx_word' id='word_1_47' title='bbox 888 1314 963 1362; x_wconf 88' lang='lat' dir='ltr'>rei</span> <span class='ocrx_word' id='word_1_48' title='bbox 1008 1315 1245 1362; x_wconf 88' lang='lat' dir='ltr'>metricae</span> <span class='ocrx_word' id='word_1_49' title='bbox 1292 1314 1624 1375; x_wconf 85' lang='lat' dir='ltr'>investigator</span> <span class='ocrx_word' id='word_1_50' title='bbox 1672 1313 1822 1375; x_wconf 87' lang='lat' dir='ltr'>longe</span> 
     </span>
     <span class='ocr_line' id='line_1_8' title="bbox 126 1387 1820 1452; baseline -0.002 -15"><span class='ocrx_word' id='word_1_51' title='bbox 126 1388 605 1452; x_wconf 84' lang='lat' dir='ltr'>praestantissimus,</span> <span class='ocrx_word' id='word_1_52' title='bbox 640 1387 977 1436; x_wconf 82' lang='lat' dir='ltr'>Guilelmus</span> <span class='ocrx_word' id='word_1_53' title='bbox 1003 1388 1228 1451; x_wconf 86' lang='lat' dir='ltr'>Meyer,</span> <span class='ocrx_word' id='word_1_54' title='bbox 1263 1388 1346 1450; x_wconf 91' lang='lat' dir='ltr'>qui</span> <span class='ocrx_word' id='word_1_55' title='bbox 1373 1387 1545 1436; x_wconf 89' lang='lat' dir='ltr'>eodem</span> <span class='ocrx_word' id='word_1_56' title='bbox 1568 1387 1674 1435; x_wconf 88' lang='lat' dir='ltr'>fere</span> <span class='ocrx_word' id='word_1_57' title='bbox 1697 1389 1820 1435; x_wconf 89' lang='lat' dir='ltr'>tem-</span> 
     </span>
     <span class='ocr_line' id='line_1_9' title="bbox 125 1454 1820 1525; baseline -0.002 -14"><span class='ocrx_word' id='word_1_58' title='bbox 125 1479 244 1525; x_wconf 91' lang='lat' dir='ltr'>pore</span> <span class='ocrx_word' id='word_1_59' title='bbox 283 1463 336 1510; x_wconf 92' lang='lat' dir='ltr'>in</span> <span class='ocrx_word' id='word_1_60' title='bbox 372 1462 544 1510; x_wconf 92' lang='lat' dir='ltr'>libello</span> <span class='ocrx_word' id='word_1_61' title='bbox 583 1462 671 1510; x_wconf 92' lang='lat' dir='ltr'>illo</span> <span class='ocrx_word' id='word_1_62' title='bbox 712 1461 835 1510; x_wconf 87' lang='lat' dir='ltr'>satis</span> <span class='ocrx_word' id='word_1_63' title='bbox 875 1462 1009 1510; x_wconf 88' lang='lat' dir='ltr'>claro</span> <span class='ocrx_word' id='word_1_64' title='bbox 1050 1456 1170 1511; x_wconf 73' lang='lat' dir='ltr'>‘Der</span> <span class='ocrx_word' id='word_1_65' title='bbox 1202 1462 1374 1510; x_wconf 88' lang='lat' dir='ltr'>Ludus</span> <span class='ocrx_word' id='word_1_66' title='bbox 1406 1462 1466 1509; x_wconf 92' lang='lat' dir='ltr'>de</span> <span class='ocrx_word' id='word_1_67' title='bbox 1492 1454 1820 1509; x_wconf 83' lang='lat' dir='ltr'>Antichristo&#39;</span> 
     </span>
     <span class='ocr_line' id='line_1_10' title="bbox 129 1529 1892 1603; baseline -0.001 -19"><span class='ocrx_word' id='word_1_68' title='bbox 129 1530 346 1603; x_wconf 88' lang='lat' dir='ltr'>(Monaci</span> <span class='ocrx_word' id='word_1_69' title='bbox 381 1529 547 1602; x_wconf 84' lang='lat'>1882)</span> <span class='ocrx_word' id='word_1_70' title='bbox 580 1536 640 1584; x_wconf 89' lang='lat' dir='ltr'>de</span> <span class='ocrx_word' id='word_1_71' title='bbox 671 1535 885 1598; x_wconf 86' lang='lat' dir='ltr'>Virgilio</span> <span class='ocrx_word' id='word_1_72' title='bbox 917 1535 1040 1584; x_wconf 89' lang='lat' dir='ltr'>artis</span> <span class='ocrx_word' id='word_1_73' title='bbox 1072 1536 1386 1598; x_wconf 71' lang='lat' dir='ltr'>rhythmicae</span> <span class='ocrx_word' id='word_1_74' title='bbox 1427 1535 1627 1584; x_wconf 86' lang='lat' dir='ltr'>doctore</span> <span class='ocrx_word' id='word_1_75' title='bbox 1661 1535 1822 1582; x_wconf 85' lang='lat' dir='ltr'>multa</span> <span class='ocrx_word' id='word_1_76' title='bbox 1882 1591 1892 1598; x_wconf 17' lang='grc' dir='ltr'>ἢ</span> 
     </span>
     <span class='ocr_line' id='line_1_11' title="bbox 128 1608 1821 1670; baseline -0.001 -12"><span class='ocrx_word' id='word_1_77' title='bbox 128 1626 242 1658; x_wconf 90' lang='lat' dir='ltr'>cum</span> <span class='ocrx_word' id='word_1_78' title='bbox 286 1610 435 1658; x_wconf 83' lang='lat' dir='ltr'>laude</span> <span class='ocrx_word' id='word_1_79' title='bbox 482 1610 734 1659; x_wconf 87' lang='lat' dir='ltr'>tractavit.</span> <span class='ocrx_word' id='word_1_80' title='bbox 822 1608 948 1657; x_wconf 88' lang='lat' dir='ltr'>Cum</span> <span class='ocrx_word' id='word_1_81' title='bbox 994 1610 1082 1658; x_wconf 90' lang='lat' dir='ltr'>alii</span> <span class='ocrx_word' id='word_1_82' title='bbox 1119 1609 1216 1659; x_wconf 87' lang='lat' dir='ltr'>viri</span> <span class='ocrx_word' id='word_1_83' title='bbox 1265 1609 1399 1658; x_wconf 88' lang='lat' dir='ltr'>docti</span> <span class='ocrx_word' id='word_1_84' title='bbox 1445 1609 1498 1656; x_wconf 91' lang='lat' dir='ltr'>in</span> <span class='ocrx_word' id='word_1_85' title='bbox 1543 1624 1644 1656; x_wconf 90' lang='lat' dir='ltr'>una</span> <span class='ocrx_word' id='word_1_86' title='bbox 1691 1608 1821 1670; x_wconf 88' lang='lat' dir='ltr'>Ang.</span> 
     </span>
     <span class='ocr_line' id='line_1_12' title="bbox 127 1682 1822 1746; baseline -0.002 -14"><span class='ocrx_word' id='word_1_87' title='bbox 127 1685 230 1732; x_wconf 88' lang='lat' dir='ltr'>Mai</span> <span class='ocrx_word' id='word_1_88' title='bbox 269 1684 487 1732; x_wconf 86' lang='lat' dir='ltr'>editione</span> <span class='ocrx_word' id='word_1_89' title='bbox 524 1699 685 1746; x_wconf 88' lang='lat' dir='ltr'>neque</span> <span class='ocrx_word' id='word_1_90' title='bbox 723 1684 923 1745; x_wconf 86' lang='lat' dir='ltr'>integra</span> <span class='ocrx_word' id='word_1_91' title='bbox 959 1699 1121 1746; x_wconf 86' lang='lat' dir='ltr'>neque</span> <span class='ocrx_word' id='word_1_92' title='bbox 1165 1684 1429 1732; x_wconf 89' lang='lat' dir='ltr'>emendata</span> <span class='ocrx_word' id='word_1_93' title='bbox 1459 1684 1677 1731; x_wconf 88' lang='lat' dir='ltr'>nitentes</span> <span class='ocrx_word' id='word_1_94' title='bbox 1710 1682 1822 1730; x_wconf 90' lang='lat' dir='ltr'>Vir-</span> 
     </span>
     <span class='ocr_line' id='line_1_13' title="bbox 128 1756 1820 1821; baseline -0.001 -15"><span class='ocrx_word' id='word_1_95' title='bbox 128 1758 238 1821; x_wconf 85' lang='lat' dir='ltr'>gilii</span> <span class='ocrx_word' id='word_1_96' title='bbox 287 1759 556 1820; x_wconf 85' lang='lat' dir='ltr'>praecepta</span> <span class='ocrx_word' id='word_1_97' title='bbox 606 1757 935 1820; x_wconf 84' lang='lat' dir='ltr'>grammatica</span> <span class='ocrx_word' id='word_1_98' title='bbox 985 1757 1190 1820; x_wconf 88' lang='lat' dir='ltr'>eiusque</span> <span class='ocrx_word' id='word_1_99' title='bbox 1241 1773 1399 1819; x_wconf 88' lang='lat' dir='ltr'>genus</span> <span class='ocrx_word' id='word_1_100' title='bbox 1451 1756 1648 1806; x_wconf 87' lang='lat' dir='ltr'>dicendi</span> <span class='ocrx_word' id='word_1_101' title='bbox 1698 1756 1820 1804; x_wconf 88' lang='lat' dir='ltr'>satis</span> 
     </span>
     <span class='ocr_line' id='line_1_14' title="bbox 128 1824 1823 1898; baseline -0.002 -17"><span class='ocrx_word' id='word_1_102' title='bbox 128 1833 370 1881; x_wconf 86' lang='lat' dir='ltr'>tricosum</span> <span class='ocrx_word' id='word_1_103' title='bbox 418 1832 756 1880; x_wconf 86' lang='lat' dir='ltr'>examinarent</span> <span class='ocrx_word' id='word_1_104' title='bbox 768 1824 812 1898; x_wconf 79' lang='grc'>2&gt;</span> <span class='ocrx_word' id='word_1_105' title='bbox 861 1834 912 1879; x_wconf 92' lang='lat' dir='ltr'>et</span> <span class='ocrx_word' id='word_1_106' title='bbox 955 1847 1087 1881; x_wconf 84' lang='lat' dir='ltr'>nova</span> <span class='ocrx_word' id='word_1_107' title='bbox 1125 1832 1279 1881; x_wconf 87' lang='lat' dir='ltr'>editio</span> <span class='ocrx_word' id='word_1_108' title='bbox 1319 1832 1503 1880; x_wconf 89' lang='lat' dir='ltr'>iterum</span> <span class='ocrx_word' id='word_1_109' title='bbox 1540 1830 1823 1892; x_wconf 88' lang='lat' dir='ltr'>iterumque</span> 
     </span>
     <span class='ocr_line' id='line_1_15' title="bbox 130 1904 1824 1968; baseline -0.001 -15"><span class='ocrx_word' id='word_1_110' title='bbox 130 1906 515 1967; x_wconf 87' lang='lat' dir='ltr'>desideraretur,</span> <span class='ocrx_word' id='word_1_111' title='bbox 547 1905 717 1954; x_wconf 88' lang='lat' dir='ltr'>amicis</span> <span class='ocrx_word' id='word_1_112' title='bbox 751 1905 1136 1954; x_wconf 87' lang='lat' dir='ltr'>adhortantibus</span> <span class='ocrx_word' id='word_1_113' title='bbox 1166 1922 1268 1954; x_wconf 92' lang='lat' dir='ltr'>non</span> <span class='ocrx_word' id='word_1_114' title='bbox 1288 1905 1507 1968; x_wconf 76' lang='lat' dir='ltr'>⁸amplius</span> <span class='ocrx_word' id='word_1_115' title='bbox 1531 1904 1824 1968; x_wconf 85' lang='lat' dir='ltr'>repugnavi,</span> 
     </span>
     <span class='ocr_line' id='line_1_16' title="bbox 133 1978 1826 2043; baseline -0.002 -15"><span class='ocrx_word' id='word_1_116' title='bbox 133 1980 254 2043; x_wconf 91' lang='lat' dir='ltr'>quin</span> <span class='ocrx_word' id='word_1_117' title='bbox 294 1979 357 2028; x_wconf 86' lang='lat' dir='ltr'>ad</span> <span class='ocrx_word' id='word_1_118' title='bbox 396 1995 548 2042; x_wconf 87' lang='lat' dir='ltr'>opera</span> <span class='ocrx_word' id='word_1_119' title='bbox 586 1979 903 2042; x_wconf 82' lang='lat' dir='ltr'>grammatici</span> <span class='ocrx_word' id='word_1_120' title='bbox 940 1980 1077 2028; x_wconf 86' lang='lat' dir='ltr'>illius</span> <span class='ocrx_word' id='word_1_121' title='bbox 1119 1979 1205 2027; x_wconf 92' lang='lat' dir='ltr'>diu</span> <span class='ocrx_word' id='word_1_122' title='bbox 1243 1981 1560 2042; x_wconf 89' lang='lat' dir='ltr'>multumque</span> <span class='ocrx_word' id='word_1_123' title='bbox 1607 1978 1826 2041; x_wconf 88' lang='lat' dir='ltr'>neglecti</span> 
     </span>
     <span class='ocr_line' id='line_1_17' title="bbox 134 2052 1826 2117; baseline -0.001 -15"><span class='ocrx_word' id='word_1_124' title='bbox 134 2054 327 2102; x_wconf 86' lang='lat' dir='ltr'>edenda</span> <span class='ocrx_word' id='word_1_125' title='bbox 359 2053 666 2116; x_wconf 89' lang='lat' dir='ltr'>accederem,</span> <span class='ocrx_word' id='word_1_126' title='bbox 697 2069 1001 2115; x_wconf 86' lang='lat' dir='ltr'>quamquam</span> <span class='ocrx_word' id='word_1_127' title='bbox 1031 2069 1111 2102; x_wconf 89' lang='lat' dir='ltr'>me</span> <span class='ocrx_word' id='word_1_128' title='bbox 1136 2069 1260 2117; x_wconf 85' lang='lat' dir='ltr'>opus</span> <span class='ocrx_word' id='word_1_129' title='bbox 1284 2055 1491 2116; x_wconf 90' lang='lat' dir='ltr'>plenum</span> <span class='ocrx_word' id='word_1_130' title='bbox 1515 2052 1826 2114; x_wconf 88' lang='lat' dir='ltr'>periculosae</span> 
     </span>
     <span class='ocr_line' id='line_1_18' title="bbox 134 2127 1378 2190; baseline -0.002 -14"><span class='ocrx_word' id='word_1_131' title='bbox 134 2128 274 2176; x_wconf 87' lang='lat' dir='ltr'>aleae</span> <span class='ocrx_word' id='word_1_132' title='bbox 314 2143 421 2175; x_wconf 88' lang='lat' dir='ltr'>esse</span> <span class='ocrx_word' id='word_1_133' title='bbox 461 2127 747 2175; x_wconf 86' lang='lat' dir='ltr'>subiturum</span> <span class='ocrx_word' id='word_1_134' title='bbox 784 2127 1032 2176; x_wconf 91' lang='lat' dir='ltr'>habebam</span> <span class='ocrx_word' id='word_1_135' title='bbox 1070 2143 1378 2190; x_wconf 82' lang='lat' dir='ltr'>persuasum.</span> 
     </span>
    </p>

    <p class='ocr_par' dir='ltr' id='par_1_3' title="bbox 134 2200 1828 2413">
     <span class='ocr_line' id='line_1_19' title="bbox 279 2200 1825 2263; baseline -0.001 -14"><span class='ocrx_word' id='word_1_136' title='bbox 279 2200 362 2249; x_wconf 91' lang='lat' dir='ltr'>Ad</span> <span class='ocrx_word' id='word_1_137' title='bbox 386 2200 699 2250; x_wconf 85' lang='lat' dir='ltr'>emendanda</span> <span class='ocrx_word' id='word_1_138' title='bbox 717 2201 915 2262; x_wconf 85' lang='lat' dir='ltr'>Virgilii</span> <span class='ocrx_word' id='word_1_139' title='bbox 946 2202 1186 2263; x_wconf 85' lang='lat' dir='ltr'>opuscula</span> <span class='ocrx_word' id='word_1_140' title='bbox 1217 2202 1416 2250; x_wconf 84' lang='lat' dir='ltr'>auxiliis</span> <span class='ocrx_word' id='word_1_141' title='bbox 1449 2215 1570 2248; x_wconf 86' lang='lat' dir='ltr'>usus</span> <span class='ocrx_word' id='word_1_142' title='bbox 1603 2215 1714 2248; x_wconf 86' lang='lat' dir='ltr'>sum</span> <span class='ocrx_word' id='word_1_143' title='bbox 1739 2200 1825 2262; x_wconf 80' lang='lat' dir='ltr'>eiS,</span> 
     </span>
     <span class='ocr_line' id='line_1_20' title="bbox 135 2274 1825 2338; baseline -0.001 -15"><span class='ocrx_word' id='word_1_144' title='bbox 135 2276 196 2323; x_wconf 92' lang='lat' dir='ltr'>de</span> <span class='ocrx_word' id='word_1_145' title='bbox 229 2275 411 2337; x_wconf 89' lang='lat' dir='ltr'>quibus</span> <span class='ocrx_word' id='word_1_146' title='bbox 442 2276 496 2323; x_wconf 94' lang='lat' dir='ltr'>in</span> <span class='ocrx_word' id='word_1_147' title='bbox 525 2275 941 2324; x_wconf 88' lang='lat' dir='ltr'>commentatione</span> <span class='ocrx_word' id='word_1_148' title='bbox 975 2291 1126 2338; x_wconf 88' lang='lat' dir='ltr'>supra</span> <span class='ocrx_word' id='word_1_149' title='bbox 1156 2276 1364 2324; x_wconf 87' lang='lat' dir='ltr'>laudata</span> <span class='ocrx_word' id='word_1_150' title='bbox 1393 2274 1631 2337; x_wconf 79' lang='lat' dir='ltr'>tractavi3</span> <span class='ocrx_word' id='word_1_151' title='bbox 1666 2289 1825 2322; x_wconf 86' lang='lat' dir='ltr'>acces-</span> 
     </span>
     <span class='ocr_line' id='line_1_21' title="bbox 134 2349 1828 2413; baseline -0.001 -16"><span class='ocrx_word' id='word_1_152' title='bbox 134 2351 309 2398; x_wconf 86' lang='lat' dir='ltr'>serunt</span> <span class='ocrx_word' id='word_1_153' title='bbox 364 2349 498 2397; x_wconf 88' lang='lat' dir='ltr'>sorte</span> <span class='ocrx_word' id='word_1_154' title='bbox 550 2349 753 2397; x_wconf 84' lang='lat' dir='ltr'>fortuna.</span> <span class='ocrx_word' id='word_1_155' title='bbox 811 2349 1100 2412; x_wconf 87' lang='lat' dir='ltr'>fragmenta</span> <span class='ocrx_word' id='word_1_156' title='bbox 1161 2349 1406 2413; x_wconf 88' lang='lat' dir='ltr'>quaedam</span> <span class='ocrx_word' id='word_1_157' title='bbox 1454 2349 1534 2397; x_wconf 89' lang='lat' dir='ltr'>vel</span> <span class='ocrx_word' id='word_1_158' title='bbox 1596 2350 1828 2410; x_wconf 78' lang='lat' dir='ltr'>excerpta</span> 
     </span>
    </p>
   </div>
   <div class='ocr_carea' id='block_1_3' title="bbox 132 2456 488 2463">
    <p class='ocr_par' dir='ltr' id='par_1_4' title="bbox 132 2456 488 2463">
     <span class='ocr_line' id='line_1_22' title="bbox 132 2456 488 2463; baseline 0 671"><span class='ocrx_word' id='word_1_159' title='bbox 132 2456 488 2463; x_wconf 95' lang='lat' dir='ltr'> </span> 
     </span>
    </p>
   </div>
   <div class='ocr_carea' id='block_1_4' title="bbox 134 2502 1827 2856">
    <p class='ocr_par' dir='ltr' id='par_1_5' title="bbox 135 2502 1827 2738">
     <span class='ocr_line' id='line_1_23' title="bbox 256 2502 1826 2560; baseline 0 -14"><span class='ocrx_word' id='word_1_160' title='bbox 256 2505 298 2558; x_wconf 89' lang='lat'>1)</span> <span class='ocrx_word' id='word_1_161' title='bbox 334 2502 389 2547; x_wconf 86' lang='lat' dir='ltr'>cf.</span> <span class='ocrx_word' id='word_1_162' title='bbox 416 2502 502 2546; x_wconf 92' lang='lat' dir='ltr'>Die</span> <span class='ocrx_word' id='word_1_163' title='bbox 526 2502 773 2560; x_wconf 87' lang='lat' dir='ltr'>Epitomae</span> <span class='ocrx_word' id='word_1_164' title='bbox 799 2503 881 2547; x_wconf 83' lang='lat' dir='ltr'>des</span> <span class='ocrx_word' id='word_1_165' title='bbox 907 2503 1277 2549; x_wconf 84' lang='lat' dir='ltr'>Grammatikers</span> <span class='ocrx_word' id='word_1_166' title='bbox 1294 2503 1523 2560; x_wconf 85' lang='lat' dir='ltr'>Virgilius</span> <span class='ocrx_word' id='word_1_167' title='bbox 1547 2503 1680 2547; x_wconf 86' lang='lat' dir='ltr'>Maro</span> <span class='ocrx_word' id='word_1_168' title='bbox 1704 2503 1826 2546; x_wconf 87' lang='lat' dir='ltr'>nach</span> 
     </span>
     <span class='ocr_line' id='line_1_24' title="bbox 135 2561 1827 2619; baseline -0.001 -13"><span class='ocrx_word' id='word_1_169' title='bbox 135 2563 242 2606; x_wconf 89' lang='lat' dir='ltr'>dem</span> <span class='ocrx_word' id='word_1_170' title='bbox 258 2561 589 2619; x_wconf 84' lang='lat' dir='ltr'>Fragmentum</span> <span class='ocrx_word' id='word_1_171' title='bbox 603 2562 971 2607; x_wconf 87' lang='lat' dir='ltr'>Vindobonense</span> <span class='ocrx_word' id='word_1_172' title='bbox 999 2568 1154 2610; x_wconf 81' lang='lat'>19556.</span> <span class='ocrx_word' id='word_1_173' title='bbox 1217 2563 1359 2607; x_wconf 88' lang='lat' dir='ltr'>Wien</span> <span class='ocrx_word' id='word_1_174' title='bbox 1380 2566 1507 2607; x_wconf 83' lang='lat'>1882.</span> <span class='ocrx_word' id='word_1_175' title='bbox 1571 2561 1686 2619; x_wconf 86' lang='lat' dir='ltr'>(Aus</span> <span class='ocrx_word' id='word_1_176' title='bbox 1718 2561 1827 2605; x_wconf 88' lang='lat' dir='ltr'>dem</span> 
     </span>
     <span class='ocr_line' id='line_1_25' title="bbox 135 2620 1826 2678; baseline -0.001 -13"><span class='ocrx_word' id='word_1_177' title='bbox 135 2621 378 2678; x_wconf 81' lang='lat' dir='ltr'>Jahrgang</span> <span class='ocrx_word' id='word_1_178' title='bbox 412 2625 523 2665; x_wconf 88' lang='lat'>1881</span> <span class='ocrx_word' id='word_1_179' title='bbox 566 2621 648 2666; x_wconf 90' lang='lat' dir='ltr'>der</span> <span class='ocrx_word' id='word_1_180' title='bbox 679 2620 1110 2678; x_wconf 85' lang='lat' dir='ltr'>Sitzungsberichte</span> <span class='ocrx_word' id='word_1_181' title='bbox 1148 2623 1231 2666; x_wconf 89' lang='lat' dir='ltr'>der</span> <span class='ocrx_word' id='word_1_182' title='bbox 1259 2621 1376 2678; x_wconf 91' lang='lat' dir='ltr'>phil.</span> <span class='ocrx_word' id='word_1_183' title='bbox 1409 2621 1519 2666; x_wconf 83' lang='lat' dir='ltr'>hist.</span> <span class='ocrx_word' id='word_1_184' title='bbox 1552 2621 1711 2665; x_wconf 85' lang='lat' dir='ltr'>Classe</span> <span class='ocrx_word' id='word_1_185' title='bbox 1743 2621 1826 2664; x_wconf 89' lang='lat' dir='ltr'>der</span> 
     </span>
     <span class='ocr_line' id='line_1_26' title="bbox 136 2679 1651 2738; baseline 0.001 -15"><span class='ocrx_word' id='word_1_186' title='bbox 136 2680 253 2724; x_wconf 84' lang='lat' dir='ltr'>kais.</span> <span class='ocrx_word' id='word_1_187' title='bbox 287 2679 548 2724; x_wconf 85' lang='lat' dir='ltr'>Akademie</span> <span class='ocrx_word' id='word_1_188' title='bbox 581 2680 664 2725; x_wconf 88' lang='lat' dir='ltr'>der</span> <span class='ocrx_word' id='word_1_189' title='bbox 693 2680 1120 2738; x_wconf 78' lang='lat' dir='ltr'>wissenschaften,</span> <span class='ocrx_word' id='word_1_190' title='bbox 1152 2682 1202 2726; x_wconf 89' lang='lat' dir='ltr'>B.</span> <span class='ocrx_word' id='word_1_191' title='bbox 1236 2680 1382 2727; x_wconf 89' lang='lat' dir='ltr'>XCIX</span> <span class='ocrx_word' id='word_1_192' title='bbox 1415 2680 1457 2725; x_wconf 83' lang='lat' dir='ltr'>S.</span> <span class='ocrx_word' id='word_1_193' title='bbox 1492 2679 1651 2736; x_wconf 85' lang='lat' dir='ltr'>509ff.)</span> 
     </span>
    </p>

    <p class='ocr_par' dir='ltr' id='par_1_6' title="bbox 134 2738 1827 2856">
     <span class='ocr_line' id='line_1_27' title="bbox 254 2738 1827 2798; baseline -0.001 -14"><span class='ocrx_word' id='word_1_194' title='bbox 254 2741 300 2796; x_wconf 82' lang='lat'>2)</span> <span class='ocrx_word' id='word_1_195' title='bbox 319 2739 376 2784; x_wconf 89' lang='lat' dir='ltr'>cf.</span> <span class='ocrx_word' id='word_1_196' title='bbox 395 2739 604 2783; x_wconf 90' lang='lat' dir='ltr'>Paulus</span> <span class='ocrx_word' id='word_1_197' title='bbox 629 2739 830 2797; x_wconf 84' lang='lat' dir='ltr'>Geyer,</span> <span class='ocrx_word' id='word_1_198' title='bbox 853 2740 1076 2798; x_wconf 80' lang='lat' dir='ltr'>Beitr‘age</span> <span class='ocrx_word' id='word_1_199' title='bbox 1101 2755 1181 2785; x_wconf 89' lang='lat' dir='ltr'>zur</span> <span class='ocrx_word' id='word_1_200' title='bbox 1204 2740 1435 2784; x_wconf 78' lang='lat' dir='ltr'>Kenntnis</span> <span class='ocrx_word' id='word_1_201' title='bbox 1460 2740 1541 2784; x_wconf 88' lang='lat' dir='ltr'>des</span> <span class='ocrx_word' id='word_1_202' title='bbox 1565 2738 1827 2796; x_wconf 85' lang='lat' dir='ltr'>gallischen</span> 
     </span>
     <span class='ocr_line' id='line_1_28' title="bbox 134 2797 1074 2856; baseline 0.003 -15"><span class='ocrx_word' id='word_1_203' title='bbox 134 2797 323 2844; x_wconf 81' lang='lat' dir='ltr'>Lateins</span> <span class='ocrx_word' id='word_1_204' title='bbox 357 2798 615 2856; x_wconf 69' lang='lat' dir='ltr'>(Wolfflins</span> <span class='ocrx_word' id='word_1_205' title='bbox 646 2799 821 2844; x_wconf 87' lang='lat' dir='ltr'>Archiv</span> <span class='ocrx_word' id='word_1_206' title='bbox 852 2800 895 2843; x_wconf 92' lang='grc' dir='ltr'>ΙΙ</span> <span class='ocrx_word' id='word_1_207' title='bbox 927 2799 1074 2856; x_wconf 82' lang='lat' dir='ltr'>25ff.).</span> 
     </span>
    </p>
   </div>
   <div class='ocr_carea' id='block_1_5' title="bbox 1411 2873 1470 2916">
    <p class='ocr_par' dir='ltr' id='par_1_7' title="bbox 1411 2873 1470 2916">
     <span class='ocr_line' id='line_1_29' title="bbox 1411 2873 1470 2916; baseline 0 -17"><span class='ocrx_word' id='word_1_208' title='bbox 1411 2873 1470 2916; x_wconf 73' lang='lat' dir='ltr'>a*</span> 
     </span>
    </p>
   </div>
  </div>
 </body>
</html>
