1980 3134
191 93 291 146 106
563 89 820 135 VIRGILII
849 90 1124 135 MARONIS
1154 90 1501 137 EPISTOLAE.

328 217 478 270 Haec
535 217 716 269 eadem
772 217 1081 270 uaticinatio
1128 218 1186 270 in
1232 218 1316 270 his
1363 235 1508 270 nunc
1554 219 1881 288 temporibus

187 288 398 341 uidetur
435 306 548 340 esse
587 288 859 356 conpleta,
898 305 1018 340 cum
1044 287 1152 340 sole
1178 288 1271 341 illo
1298 306 1411 341 non
1436 290 1718 356 temporali
1743 292 1879 358 orto,

188 360 280 411 sed
328 377 453 411 uero
503 361 556 410 et
605 358 867 426 perhenni
913 357 1026 410 filio
1080 358 1187 424 dei,
1243 359 1441 411 flumen
1487 358 1619 410 illud
1665 360 1883 412 uineum

190 430 486 498 scripturae
525 429 766 480 caelestis
806 445 895 480 cor
931 427 1164 481 hominis
1201 428 1303 481 1100
1341 433 1423 481 est
1459 429 1623 482 totius
1661 430 1882 483 humani

147 513 168 546 5
190 500 401 568 generis
438 498 776 551 laetificantis
815 499 963 550 omni
999 499 1210 551 influxit
1245 503 1443 552 terrae:
1484 500 1569 551 cui
1606 517 1772 568 aquae
1809 501 1880 552 ri-

187 571 342 622 uulus
389 569 443 621 id
490 572 570 621 est
606 568 976 637 philosophiae
1014 569 1069 621 id
1107 572 1187 622 est
1223 570 1608 638 eloquentiola‚
1656 588 1791 638 quae
1829 574 1884 624 et

187 640 312 708 ipsa‘
340 640 525 691 uinum
563 639 752 691 effecta
791 642 895 706 est,
933 639 1226 708 scripturae
1264 643 1520 692 ammixta
1546 640 1787 710 caelesti,
1825 642 1884 693 in

187 728 292 778 quo
339 710 557 762 flumine
604 710 762 761 uituli
803 713 856 762 et
901 710 1031 778 agni
1069 710 1285 775 ludunt,
1334 711 1552 763 iuuenes
1590 711 1793 764 scilicet
1829 715 1883 764 et

187 781 411 848 pennati
449 780 690 832 sensibus
730 782 1058 848 ouantesque
1105 780 1490 849 epithalamion
1530 781 1781 850 cytharae
1820 799 1882 835 ac

122 867 164 899 10
187 851 232 903 si
277 850 549 903 modolatu
597 853 954 919 congruenter
990 853 1216 920 apteque
1255 852 1566 919 decantant,
1613 852 1883 921 nuptiales

186 922 391 974 scilicet
434 922 880 974 seratissimorum
938 924 1127 974 cantus
1180 923 1547 974 conuiuiorum
1595 925 1880 990 ponentes:

187 1009 413 1060 quorum
459 1009 588 1044 uoce
636 991 819 1044 audita
868 992 1071 1044 caelum
1110 994 1163 1044 et
1198 995 1341 1044 terra
1378 992 1640 1060 spiritales
1679 993 1884 1046 scilicet

186 1065 240 1115 et
278 1062 515 1115 carnales
553 1061 797 1115 homines
835 1063 1074 1131 gaudent
1111 1065 1165 1114 et
1201 1063 1555 1131 gratulantur.

329 1132 568 1194 Quorum
623 1151 786 1197 unus,
844 1133 1149 1202 gratissime
1205 1150 1267 1184 00
1323 1132 1664 1185 dilectissime
1717 1133 1885 1186 frater

125 1217 165 1250 15
186 1202 289 1255 Iuli
338 1204 583 1267 diacone,
632 1204 924 1271 scripturae
963 1203 1176 1255 diuinae
1227 1206 1281 1254 et
1318 1203 1558 1256 caelestis
1606 1204 1883 1256 doctrinae

185 1274 563 1326 iocundissimo
608 1273 905 1326 inebriatus
954 1274 1080 1325 uino
1119 1291 1346 1341 paruum
1384 1290 1593 1342 quoque
1631 1273 1776 1326 hunc
1813 1275 1882 1326 ri-

185 1345 368 1396 uulum
422 1344 828 1412 philosophicae
883 1343 1179 1412 sapientiae
1233 1344 1291 1396 in
1343 1346 1554 1396 tantum
1603 1343 1767 1414 bibis,
1823 1348 1885 1397 ut

92 1436 95 1439 ·
186 1415 349 1467 etiam
387 1432 593 1483 eorum,
644 1415 735 1483 qui
773 1414 840 1466 ab
878 1414 1033 1467 initio
1069 1414 1278 1467 fundati
1315 1414 1461 1467 orbis
1498 1414 1883 1483 philosophicis

185 1485 411 1537 floruere
457 1485 680 1554 eloquiis
719 1502 780 1537 ac
818 1485 1087 1551 sensibUS,
1135 1502 1245 1537 non
1284 1485 1455 1537 solum
1493 1485 1880 1554 aequiperator‚

121 1568 163 1602 20
188 1557 278 1608 sed
318 1556 478 1608 etiam
515 1573 825 1624 praecessor
863 1556 1145 1608 exstiteris,
1201 1555 1344 1608 unde
1381 1556 1729 1624 perscrutatis
1766 1574 1885 1624 per-

183 1625 444 1694 lectisque
490 1627 728 1678 omnium
775 1625 1219 1695 philosophorum
1265 1625 1416 1679 libris
1464 1643 1647 1679 omnes
1698 1643 1883 1679 eorum

186 1697 575 1749 controuersias
620 1697 867 1765 prudenti
914 1699 968 1749 et
1014 1699 1182 1766 gnoto
1228 1697 1383 1749 corde
1420 1713 1756 1765 concoquens
1794 1697 1883 1749 ob-

185 1767 515 1820 scurissimas
563 1769 617 1819 et
665 1766 1011 1819 difficillimas
1059 1767 1399 1835 quaestiones
1447 1766 1696 1836 diligenti
1732 1766 1881 1819 inda-

184 1842 338 1905 gatas
377 1837 620 1890 examine
647 1838 713 1889 ad
746 1855 832 1889 me
867 1837 1027 1889 uelud
1055 1838 1120 1889 ad
1158 1837 1387 1890 iudicem
1425 1837 1883 1906 certissimumque

121 1923 163 1957 25
185 1908 416 1960 limitum
454 1910 611 1975 atque
643 1909 852 1959 uiarum
878 1907 1137 1976 indicem,
1175 1908 1358 1961 multis
1385 1908 1626 1976 epistolis
1654 1907 1884 1977 dirigere

185 1978 437 2046 dignatus
485 1994 567 2046 00,
595 1995 727 2045 ‘non
775 1995 877 2046 quo
926 1994 1025 2047 ego
1075 1978 1313 2030 omnium
1356 1978 1709 2046 peritissimus
1761 1977 1880 2045 sim,

185 2048 278 2101 sed
316 2066 419 2116 quo
457 2048 608 2116 quasi
646 2048 712 2100 ad
750 2048 984 2100 sodalem
1023 2048 1104 2100 tui
1141 2049 1402 2116 uniusque
1427 2048 1550 2100 fidei
1580 2050 1883 2101 consortem

184 2118 484 2171 fiducialius
539 2117 788 2170 habueris
839 2118 903 2170 de
950 2118 1254 2171 huiusmodi
1300 2118 1699 2187 quaestionibus
1746 2118 1883 2170 mira

185 2190 431 2259 dirigere.

122 2275 164 2308 30
327 2258 477 2312 Inter
525 2258 655 2311 haec
701 2259 934 2310 maxima
970 2259 1026 2310 in
1065 2261 1159 2310 tuo
1198 2258 1376 2310 animo
1415 2259 1553 2311 sedit
1589 2276 1774 2326 causa,
1823 2262 1884 2310 ut

185 2330 248 2382 de
286 2329 419 2382 VIII
455 2329 708 2381 orationis
756 2329 1024 2398 partibus,
1072 2329 1129 2380 in
1180 2329 1370 2397 quibus
1415 2329 1676 2398 plurimae
1724 2346 1882 2396 quae·

298 2531 324 2569 3
355 2525 583 2581 perhenni
611 2525 668 2569 N
690 2525 706 2580 ΙΙ
736 2529 760 2569 7
793 2497 1020 2568 affimixta
1061 2525 1110 2579 (d
1139 2539 1198 2569 m.
1233 2525 1311 2580 al.)
1351 2525 1407 2569 N
1431 2526 1447 2581 ΙΙ
1476 2529 1501 2569 9
1543 2498 1881 2581 ephitalamion

188 2582 350 2672 cytiiiie
371 2609 427 2653 N
446 2611 453 2665 Ι
483 2615 533 2654 10
554 2591 798 2674 100ᾶὸ1010
828 2609 884 2652 Ν
907 2611 923 2664 ΙΙ
954 2607 1139 2665 aptaeqe
1165 2609 1222 2673 N
1246 2610 1262 2665 ΙΙ
1291 2608 1502 2664 nuptiale
1532 2608 1588 2652 N
1608 2608 1628 2665 Η
1658 2613 1709 2651 12
1747 2608 1880 2663 spiri-

184 2664 272 2708 tali
300 2665 355 2708 N
387 2666 403 2721 11
442 2670 493 2709 17
522 2665 847 2722 philosophiae
877 2666 934 2709 N
962 2666 978 2721 ΙΙ
1018 2670 1068 2708 19
1108 2669 1446 2723 eqmperantur
1472 2665 1528 2708 N
1557 2665 1573 2720 11
1609 2670 1662 2708 22
1701 2667 1881 2707 contra-

185 2722 359 2764 versias
395 2721 451 2764 N
475 2722 491 2777 ΙΙ
518 2722 681 2778 ignoto
717 2723 774 2767 N
779 2737 788 2774 ;
829 2723 1218 2778 gnotoJ=gnaro
1259 2721 1317 2775 cf.
1349 2721 1475 2774 ind„
1513 2720 1609 2764 nisi
1638 2719 1883 2775 praeferas

186 2778 201 2818 i
269 2776 336 2840 ito
361 2777 465 2875 {123
495 2777 740 2842 indagatos
759 2778 826 2842 ‚N
851 2790 965 2842 corr:
996 2777 1104 2843 Mac]
1130 2779 1146 2833 ΙΙ
1177 2783 1232 2821 24
1262 2777 1443 2821 ve*lud
1473 2776 1509 2829 (1
1540 2779 1673 2842 cras.)
1703 2776 1759 2819 N
1781 2777 1796 2829 ΙΙ
1828 2781 1881 2819 28

223 2832 361 2876 duola
380 2834 470 2889 ius]
508 2833 725 2878 fiduciale
755 2850 827 2878 1us
859 2846 975 2879 com.
996 2833 1103 2878 Μαι
1125 2835 1140 2889 ΙΙ
1162 2839 1214 2878 31
1250 2832 1410 2878 VIIIto
1443 2832 1729 2877 oratlombus
1761 2832 1821 2875 N.
