1980 3134
775 51 1133 97 PRAEFATIO.
1692 56 1803 99 XIII

260 206 441 254 Restat
471 208 530 254 ut
554 205 615 253 de
647 206 976 267 epitomarum
1001 206 1184 267 ordine,
1219 222 1367 269 quem
1390 208 1443 255 in
1466 209 1558 257 hac
1584 209 1800 258 editione

113 278 332 339 institui,
375 282 426 327 et
464 279 524 328 de
563 279 759 327 ratione
796 280 871 328 rei
910 281 1325 344 orthographicas
1363 297 1522 343 pauca
1562 282 1801 332 adferam.

114 352 383 415 Virgilium
398 356 478 401 ter
493 353 668 414 quinas
686 354 929 415 epitomas
949 355 1215 403 confecisse
1225 355 1392 404 verbis
1410 357 1626 405 auctoris
1642 357 1801 418 ipsius

117 429 340 488 apparet.
385 426 520 475 Dicit
544 427 675 474 enim
697 444 745 489 p.
763 430 884 491 121,
900 429 930 475 8
951 467 961 476 .
976 467 986 477 ,
1010 443 1091 488 eqo
1114 431 1217 489 ipse
1238 431 1292 477 in
1316 431 1531 490 epitomis
1562 434 1645 478 ter
1675 433 1799 491 qui-

109 503 204 549 nis
231 514 430 548 numero
447 503 709 561 proprium
722 503 1006 562 pronomini
1028 504 1286 551 indixerim
1309 505 1600 564 opusculum.
1652 504 1801 553 Prae-

111 578 251 622 terea
268 574 526 636 inscriptio
547 574 649 622 cod.
668 574 886 623 Parisini
908 576 1039 624 hunc
1064 576 1274 624 eundem
1290 593 1552 625 numerum
1569 578 1801 637 servavit,

110 648 171 696 cf.
197 665 243 710 p.
273 651 300 695 1
330 645 634 695 MARONIS
658 647 945 697 VIRGILII
977 648 1325 698 ORIVNTVR
1355 650 1800 700 ΑΕΡΙΤΗΟΜΑΕ

114 721 221 771 XV.
251 721 420 783 Atque
431 722 654 783 priorum
668 723 888 785 capitum
905 724 1127 771 ordinem
1140 725 1284 772 facile
1303 741 1362 772 ex
1374 725 1615 773 librorum
1626 741 1803 774 manu-

111 796 406 857 scriptorum
434 795 842 858 inscriptionibus
870 797 1382 859 subscriptionibusve
1406 799 1680 847 constituas
1707 800 1801 848 ita:

108 869 148 919 I.
174 869 264 917 DE
290 868 654 917 SAPIENTIA
688 864 767 935 (P,
793 871 853 919 N
875 871 927 918 in
949 864 1150 937 marg),
1181 872 1246 919 II.
1272 872 1360 919 DE
1392 872 1690 920 LITTERA
1715 867 1800 940 (cf.

109 943 294 992 subscr.
329 943 433 991 cod.
457 937 645 1010 Vind.),
683 944 776 994 ΙΙΙ.
812 944 902 992 DE
949 945 1257 993 SYLLABA
1291 938 1405 1012 (V),
1445 946 1530 994 IV.
1562 947 1651 994 DE
1682 947 1800 995 ME-

108 1016 257 1065 TRIS
285 1010 401 1083 (N),
425 1017 484 1065 V.
510 1017 600 1065 DE
628 1017 890 1067 NOMINE
918 1012 1034 1085 (V).
1065 1018 1353 1081 Capitulum
1378 1022 1546 1068 autem
1578 1021 1638 1069 de
1670 1024 1801 1070 cata·

106 1091 222 1154 logo
254 1092 692 1154 grammaticorum
716 1093 847 1155 quod
870 1093 923 1140 in
946 1093 1005 1141 N
1020 1109 1282 1142 numerum
1300 1094 1346 1140 V
1364 1088 1601 1159 (fortasse
1627 1111 1686 1143 ex
1709 1094 1802 1142 XV

108 1158 462 1233 depravatum)
494 1182 615 1228 prae
647 1182 700 1215 se
728 1167 854 1230 fert,
894 1168 1225 1229 epitomarum
1258 1184 1382 1230 opus
1416 1169 1656 1217 clausisse
1689 1183 1801 1216 cum

109 1255 170 1288 ex
208 1240 426 1288 auctoris
459 1241 624 1289 verbis
662 1241 715 1288 in
752 1241 851 1289 fine
891 1242 1067 1303 capitis
1106 1242 1286 1303 positis
1324 1259 1370 1304 p.
1414 1244 1506 1291 92:
1547 1243 1686 1291 Haec
1715 1258 1799 1291 vo—

108 1315 181 1362 bis
219 1329 245 1362 o
277 1315 466 1362 sodales
505 1318 645 1375 atque
683 1316 934 1371 discentes,
983 1316 1139 1376 leyum
1167 1320 1493 1376 paternarum
1532 1317 1670 1366 libris
1699 1331 1797 1377 pro

109 1391 390 1436 cunctorum
428 1390 632 1437 utilitate
670 1393 811 1449 atque
850 1391 1004 1438 salute
1043 1390 1235 1450 excepta
1267 1392 1543 1439 insinuasse
1580 1392 1800 1451 sufficiat

106 1465 217 1510 tum
257 1478 316 1510 ex
355 1462 719 1525 subscriptione
760 1463 940 1512 codicis
981 1463 1323 1526 Neapolitani:
1371 1464 1590 1525 Explicit
1626 1463 1800 1514 Maro-

107 1538 186 1585 nis
227 1536 423 1597 Viryilii
452 1539 587 1585 recte
620 1538 917 1600 colligimus
986 1538 1246 1599 Epitomas
1278 1537 1410 1586 XIV.
1445 1541 1495 1586 et
1524 1538 1678 1597 XIII„
1721 1539 1799 1587 cui

108 1612 282 1660 auctor
319 1610 425 1672 ipse
465 1611 557 1659 hoc
594 1627 775 1660 nomen
813 1611 1070 1674 inscripsit
1082 1605 1139 1677 ¹),
1179 1627 1239 1659 ex
1270 1612 1571 1660 auctoritate
1611 1612 1717 1662 cod.
1750 1613 1798 1659 N

107 1700 219 1732 cum
259 1684 476 1746 epitoma
521 1685 701 1733 ultima
739 1685 981 1734 coniunxi.
1059 1684 1196 1742 Quae
1240 1686 1372 1734 inter
1419 1687 1585 1748 capita
1631 1686 1801 1749 priora

109 1760 160 1806 et
190 1758 471 1820 posteriora
499 1758 772 1819 intersunt,
814 1775 925 1807 cum
963 1759 1080 1807 libri
1112 1775 1212 1807 non
1245 1760 1367 1808 satis
1408 1763 1546 1808 certa
1576 1761 1798 1817 tradant,

109 1848 168 1880 ex
206 1833 492 1881 coniectura
530 1833 743 1881 alterum
784 1833 985 1896 Virgilii
1026 1849 1150 1895 opus
1181 1827 1522 1900 Donatique2)
1563 1835 1800 1896 principis

109 1907 552 1969 grammaticorum
599 1910 760 1956 artem
806 1908 1034 1970 exempla
1082 1910 1282 1956 secutus
1330 1908 1552 1970 disposui
1600 1908 1696 1970 ita,
1742 1910 1801 1956 ut

110 1996 372 2029 numerum
410 1983 490 2030 ter
528 1981 792 2043 quinarum
833 1981 1164 2044 epitomarum
1205 1983 1520 2044 complerem.

256 2055 331 2103 De
383 2071 438 2103 re
489 2055 896 2118 orthographica,
953 2056 1151 2118 qualem
1190 2055 1528 2115 instituerem,
1585 2055 1800 2103 multum

109 2131 291 2192 diuque
316 2130 583 2192 haesitavi,
617 2146 728 2178 cum
753 2145 912 2192 neque
938 2129 1129 2178 codices
1154 2130 1462 2192 Virgilianos
1489 2130 1610 2178 satis
1636 2131 1798 2177 cer-tos

231 2274 274 2329 1)
307 2272 363 2316 cf.
396 2287 442 2328 p.
476 2275 548 2326 81,
579 2275 635 2315 21
669 2270 760 2315 Sed
789 2285 846 2315 ne
876 2273 980 2328 quis
1011 2272 1147 2316 etiam
1177 2271 1447 2315 munusculo
1479 2283 1524 2313 se
1554 2270 1803 2325 susciperet

109 2332 458 2386 defraudatum,
499 2344 644 2374 unum
673 2331 800 2375 vobis
840 2331 979 2375 huius
1009 2331 1078 2374 rei
1102 2343 1276 2386 ponam
1315 2329 1643 2382 testimonium,
1683 2329 1803 2385 quod

109 2404 230 2435 meae
260 2391 517 2434 clausulam
547 2390 682 2433 dabit
712 2391 1000 2445 epitomae.

227 2450 274 2504 2)
307 2447 483 2492 Donati
521 2461 597 2492 ars
635 2447 790 2492 minor
827 2449 945 2491 haec
975 2447 1119 2492 habet
1159 2447 1339 2504 capita:
1389 2446 1447 2490 de
1486 2445 1699 2502 nomine,
1745 2446 1802 2491 de

110 2508 401 2565 pronomine,
443 2508 500 2552 de
531 2507 695 2562 verbo,
730 2507 788 2551 de
821 2506 1067 2562 adverbio,
1099 2506 1158 2550 de
1187 2505 1462 2562 participio,
1497 2505 1554 2549 de
1586 2505 1802 2550 coniunc-

110 2566 253 2622 tione,
288 2566 345 2610 de
376 2565 739 2623 praepositione,
773 2566 830 2610 de
861 2565 1210 2610 interiectione:
1243 2564 1412 2620 quibus
1446 2566 1730 2609 antecedunt
1754 2564 1803 2608 in

113 2628 212 2670 arte
242 2626 439 2670 maiore:
473 2625 530 2669 de
555 2638 690 2680 voce,
724 2625 781 2668 de
812 2625 1037 2681 littera,
1072 2625 1130 2668 de
1163 2624 1409 2680 syllaba,
1444 2624 1502 2668 de
1533 2623 1801 2681 pedibus,

113 2685 171 2729 de
201 2685 349 2741 tonis,
382 2684 440 2729 de
470 2684 715 2742 posituris,
756 2683 814 2728 de
845 2684 1057 2740 partibus
1083 2683 1330 2739 orationis,
1362 2683 1616 2727 succedunt
1646 2683 1803 2727 autem

113 2744 172 2788 de
195 2744 508 2800 barbarismo,
537 2743 595 2787 de
626 2742 922 2798 soloecismo,
947 2743 1004 2787 de
1030 2742 1196 2788 ceteris
1221 2741 1372 2798 vitiis,
1398 2742 1456 2786 de
1479 2742 1802 2799 metaplasmo,

112 2803 170 2847 de
203 2803 539 2859 schematibus,
573 2803 630 2847 de
661 2802 810 2860 tropis
842 2802 916 2860 (cf.
951 2802 1068 2847 Keil.
1103 2802 1305 2847 Gramm.
1331 2801 1414 2847 lat.
1447 2803 1480 2846 t.
1506 2802 1600 2858 IV).
