1980 3134
777 92 861 139 111.
906 93 986 137 DE
1020 92 1236 139 UERBO.
1719 85 1844 152 ‘147

155 218 343 272 milites
379 218 556 287 inquit
579 217 817 272 Romani
852 221 1166 287 indefessum
1199 222 1391 276 haberit
1424 224 1656 277 studium
1689 225 1846 278 donee

153 305 351 356 semper
379 305 482 356 pro
517 290 630 342 suis
664 291 888 343 uiueere.
951 292 1128 358 utique
1174 293 1372 347 excelsa
1411 293 1603 347 Troiae
1638 296 1845 349 moenia

152 360 343 412 uertice
378 375 444 412 rie
481 360 711 426 disperdi
748 364 898 414 caute
934 362 1168 415 timuere.
1230 362 1334 416 hoc
1381 363 1562 417 dicens
1606 365 1845 434 assignat

153 429 482 482 infinitiuum
538 429 753 481 modum
809 431 867 482 in
921 431 1146 484 obtatiui
1201 432 1378 486 locum
1426 435 1592 503 recipi
1637 434 1842 488 debere.

152 503 278 568 post
313 501 443 552 item
481 499 781 567 aliquanta:
820 517 849 553 0
885 502 1085 557 sodales
1112 501 1346 557 Romani
1384 506 1620 572 ciuesque
1657 505 1843 574 (impe-
1888 518 1908 551 5

152 569 326 623 ratiuo
365 568 546 638 modo)
585 570 860 624 consulere.

293 639 376 692 De
412 639 753 708 impersonali
791 641 951 694 modo
989 659 1097 694 una
1132 643 1418 713 utrobique
1445 645 1684 713 quaestio
1712 662 1839 696 uen-

152 711 359 773 tilatur,
412 709 755 763 Terrentii
794 711 1008 779 quidem
1045 713 1286 781 partibus
1327 714 1590 768 obstinate
1627 717 1843 767 conten-

152 780 402 833 dentibus
448 781 785 849 inpersonale
832 783 1055 834 uerbum
1103 783 1170 835 ab
1225 785 1371 836 omni
1425 787 1586 837 uerbo
1642 785 1843 854 signifi-

152 852 377 920 catori0,
414 850 470 903 id
496 855 576 904 est
600 854 714 904 tam
739 852 916 904 actiuo
942 870 1102 920 quam
1128 853 1441 922 deponenti,
1476 859 1587 908 tam
1612 855 1840 907 neutrali
1866 868 1907 899 10

150 939 310 991 quam
350 922 645 989 communi,
695 922 845 975 nasci
881 923 1166 975 indubitali
1215 925 1504 978 assertione
1551 925 1721 978 solere
1759 943 1840 978 ex-

151 994 306 1061 cepto
353 993 585 1061 passiuo.
655 1011 780 1046 nam
863 992 965 1045 uod
1016 993 1081 1045 ab
1127 994 1304 1047 actiuo
1350 995 1540 1047 tertiae
1583 1012 1842 1064 personae

150 1062 300 1116 uerbi
344 1063 549 1131 passiui
599 1062 822 1116 similitu
859 1064 947 1116 ine
995 1063 1282 1134 diriuatur,
1331 1065 1604 1133 passiuum
1650 1065 1840 1118 iterum

149 1151 261 1186 non
298 1133 522 1202 repetit,
569 1133 882 1202 praesertim
920 1151 1041 1187 cum
1078 1134 1350 1202 passiuum
1386 1136 1607 1188 uerbum
1645 1135 1843 1204 absque

148 1204 487 1257 nominatiuo
525 1221 675 1256 cassu
713 1204 878 1256 asseri
914 1222 1024 1256 non
1048 1206 1250 1258 ualeat:
1298 1205 1550 1259 Galbun
1563 1205 1630 1274 gi
1666 1209 1842 1258 autem
1865 1217 1906 1248 15

151 1274 484 1327 auditoribus
521 1274 741 1327 nonnisi
779 1275 845 1327 ab
884 1275 1061 1327 actiuo
1099 1277 1155 1327 et
1198 1276 1432 1328 neutrali
1468 1276 1632 1328 uerbo
1665 1276 1842 1344 inper-

150 1345 385 1398 sonalem
423 1344 641 1397 modum
679 1344 953 1413 procidere
990 1362 1164 1414 posse.
1228 1346 1419 1414 quibus
1459 1349 1512 1398 et
1547 1362 1646 1415 ego
1684 1345 1842 1398 facile

149 1415 460 1478 assentirer,
510 1415 615 1467 nisi
653 1414 994 1468 Terrentii
1029 1418 1209 1483 partes
1245 1415 1372 1468 mile
1407 1416 1564 1468 nobis
1604 1416 1843 1484 exempla

147 1486 537 1554 prodidissent,
578 1485 771 1554 quibus
810 1488 1132 1538 sententiam
1170 1504 1319 1538 suam
1359 1486 1729 1539 affirmabilem
1767 1485 1842 1538 fe-

150 1559 337 1610 cerint.
377 1573 547 1625 pauca
575 1555 904 1624 proferemus
927 1556 987 1608 in
1004 1556 1256 1609 medium.
1293 1574 1522 1625 namque
1537 1556 1838 1608 Atticorum
1863 1566 1905 1598 20

147 1630 548 1695 praeceptorem
576 1626 758 1679 ferunt
786 1625 1005 1679 dixisse:
1035 1628 1345 1680 criminator
1369 1626 1555 1694 inquid
1584 1627 1650 1679 ab
1676 1627 1840 1679 omni-

149 1698 244 1751 bus
255 1738 270 1766 ,
319 1699 448 1764 quia
496 1714 591 1750 ‘nos
628 1698 886 1764 pecuniae
930 1698 990 1749 in
1036 1698 1320 1750 amicorum
1351 1697 1628 1764 praesidia
1653 1696 1841 1765 profli-

143 1769 357 1836 ,qaudae
402 1768 543 1822 dura
593 1768 786 1821 ditioue
826 1768 1166 1835 pepercimus.
1253 1770 1306 1819 et
1353 1768 1546 1819 iterum
1592 1766 1841 1818 Donati

148 1839 289 1890 senis
317 1838 619 1906 exemplum
644 1838 929 1905 proferunt
954 1838 1204 1889 dicentis:
1226 1838 1486 1905 yomdetur
1510 1841 1557 1890 et
1575 1837 1838 1904 yloriatur

147 1910 341 1962 uostris
393 1910 452 1961 iri
500 1908 718 1961 urbibus
762 1926 878 1976 reye
924 1909 984 1961 de
1031 1908 1185 1961 exilio
1228 1909 1486 1960 redeunte.
1560 1906 1650 1959 sed
1697 1906 1836 1974 quis·
1857 1916 1902 1949 25

148 1997 307 2048 quam
360 1978 590 2031 forsitan
639 1996 759 2030 cum
808 1977 939 2030 haec
987 1977 1238 2043 audierit,
1295 1980 1602 2046 praesumat
1647 1976 1835 2041 dicere,

146 2052 272 2118 quia
305 2050 476 2119 magis
503 2049 680 2102 actiua
704 2051 758 2101 et
781 2047 1047 2101 neutralia
1071 2049 1234 2100 uerba
1259 2065 1372 2100 esse
1399 2046 1582 2100 eadem
1607 2047 1830 2115 possint,

147 2137 211 2172 ex
258 2120 450 2190 quibus
492 2119 623 2172 haec
659 2119 1040 2189 impersonalia
1075 2119 1300 2171 ueniunt
1337 2136 1497 2187 quam
1535 2117 1837 2169 communia

146 2189 496 2259 deponentia,
545 2190 633 2259 <id
671 2193 752 2242 est
783 2190 1022 2258 qaudeo>
1059 2188 1146 2241 uel
1178 2190 1362 2256 ylorio.
1425 2187 1564 2255 quod
1601 2187 1699 2239 etsi
1737 2203 1838 2254 ego

146 2261 344 2313 alicubi
368 2260 611 2314 inuenire
636 2260 931 2328 potuerim,
962 2263 1143 2312 tamen
1169 2260 1291 2327 quia
1317 2276 1428 2311 non
1454 2259 1533 2310 est
1559 2257 1832 2321 usitatum,
1857 2265 1901 2298 3⁰

143 2331 408 2383 affirmare
446 2348 554 2383 non
592 2348 827 2399 possum.

261 2490 282 2528 1
314 2484 588 2527 indifessum
616 2484 673 2528 N
687 2486 702 2539 ῃ
725 2488 748 2526 2
780 2484 940 2526 troeae
970 2482 1026 2525 N
1040 2482 1056 2537 11
1078 2487 1102 2526 3
1124 2480 1314 2536 vertice]
1338 2481 1478 2524 utites
1498 2479 1554 2523 N
1567 2480 1583 2535 u
1605 2483 1631 2522 5
1651 2478 1836 2522 sadales

146 2540 200 2584 N
217 2542 232 2597 ΙΙ
257 2547 308 2585 10
340 2554 391 2584 33
430 2553 456 2583 0
485 2541 541 2585 N
556 2542 571 2596 ΙΙ
595 2544 645 2585 17
676 2539 816 2582 111οᾶ0
848 2538 904 2582 N
913 2539 934 2602 j}
955 2537 1083 2581 facili
1101 2535 1157 2582 N
1171 2538 1187 2593 ΙΙ
1211 2541 1263 2580 18
1293 2538 1458 2592 pantes
1481 2535 1537 2581 N
1550 2547 1663 2579 corr.
1685 2534 1793 2578 Mai
1825 2534 1834 2591 Ι

145 2603 200 2642 20
229 2610 346 2654 paca
375 2555 461 2653 1311
482 2595 691 2640 medium
722 2597 770 2639 et
799 2594 1007 2639 med1um
1028 2593 1085 2637 N
1097 2605 1211 2640 corr.
1231 2593 1339 2636 Mai
1359 2594 1375 2649 ΙΙ
1397 2592 1520 2636 aruit
1549 2604 1745 2647 quorum
1823 2623 1834 2643 ,

147 2653 420 2698 Terentium
451 2666 648 2708 quorum
669 2652 776 2696 Mai
795 2652 812 2708 ΙΙ
834 2657 885 2694 21
918 2650 1191 2694 criminatur
1210 2649 1317 2692 Mai
1337 2650 1353 2705 ΙΙ
1376 2654 1429 2692 22
1459 2647 1714 2704 praesidiat
1741 2646 1832 2703 ΝΗ

146 2715 382 2781 ἓῌίὲ31ιᾶ3
414 2722 465 2767 Ν
485 2724 576 2778 1126
606 2734 879 2779 praesumac
908 2720 965 2765 N
979 2721 995 2776 ΙΙ
1016 2725 1069 2764 27
1092 2719 1273 2785 activa]
1311 2731 1434 2772 aqua
1463 2717 1521 2762 N
1542 2729 1655 2762 corr.
1685 2716 1793 2760 Mai
1812 2715 1830 2771 ΙΙ

145 2786 211 2881 ἷξε
223 2780 644 2881 ῧοηείῖἱιᾱεεροηθηὺω
671 2791 764 2824 ras.
787 2781 933 2822 8-10
962 2777 1048 2823 litt.
1081 2790 1134 2820 iri
1153 2775 1210 2820 N
1223 2776 1239 2831 ΙΙ
1260 2775 1310 2818 1d
1343 2775 1413 2819 est
1442 2774 1625 2831 gaudeo
1655 2773 1833 2828 supple-

1414 2901 1499 2945 10*
