1980 3134
213 116 280 168 72
596 112 853 158 VIRGILII
883 111 1155 158 MARONIS
1185 110 1514 158 ΕΡΙΤΟΜΑΕ.

210 241 356 293 ribus
394 259 426 293 a
462 259 555 293 suo
593 243 734 293 statu
771 239 978 292 moueri
1002 257 1111 292 non
1135 242 1374 309 possunt.
1436 242 1519 292 est
1542 240 1902 309 participium,

211 311 352 380 quod
390 311 548 364 Cato
586 312 643 363 in
682 311 905 362 uerbum
941 309 1233 363 transferre
1271 310 1475 362 solebat
1512 310 1662 362 uerbi
1700 312 1906 364 scilicet

207 381 410 450 passiui
448 381 704 449 temporis
742 381 1014 449 praeteriti
1052 383 1113 433 ut
1137 380 1267 432 illud
1297 381 1538 448 omnibus
1557 381 1730 446 fratre
1745 385 1907 448 patre

209 456 379 506 matre
426 453 639 519 coniuye
674 452 901 518 ‚reliquis
944 452 1252 504 necessariis
1287 467 1492 518 proque
1537 467 1694 503 carus
1726 452 1903 518 falcra

166 523 401 589 5faetus,
452 524 591 590 quod
638 524 821 574 tamen
869 539 979 573 non
1028 521 1267 573 licuisset
1314 522 1362 572 ei
1408 521 1611 585 facere,
1660 521 1764 573 nisi
1802 521 1903 574 hoc

209 592 550 660 participium
576 592 745 644 totius
769 591 1070 644 testimonii
1097 591 1414 644 sententiam
1443 591 1726 644 clauderet.
1765 609 1902 644 non-

206 662 341 714 nulli
379 661 481 715 hoc
518 663 830 731 ignorantes
868 666 942 715 est
976 665 1192 714 sumunt
1216 661 1456 730 aliunde,
1496 661 1636 730 quod
1662 662 1800 714 sicut
1825 662 1902 714 eis

207 732 424 784 omnino
471 732 647 785 facere
684 750 797 785 non
833 732 987 798 licet,
1037 733 1114 784 ita
1152 732 1270 784 aliis
1309 732 1521 801 quidem
1557 733 1900 800 participium

204 802 495 855 transferre
542 804 600 855 in
645 804 868 855 uerbum
924 803 1122 872 absque
1180 820 1241 855 eo
1298 820 1402 871 quo
1459 802 1687 854 diximus
1742 802 1903 856 modo

142 886 183 918 10
205 891 514 942 peruersum
552 876 605 926 et
639 873 1010 926 indecorosum
1049 876 1144 926 est.

709 1042 839 1111 (10.)
879 1040 960 1093 De
1000 1040 1396 1093 coniunctione.

347 1152 505 1207 Nunc
544 1154 610 1206 de
637 1154 1012 1206 coniunctione
1038 1152 1310 1221 aliquanta
1335 1151 1590 1204 dicamus,
1650 1151 1900 1205 uidentur

203 1223 335 1275 mihi
373 1224 779 1277 coniunctiones
819 1241 1003 1276 omnes
1052 1223 1325 1275 cuiusdam
1361 1225 1582 1276 catenae
1618 1223 1705 1274 uel
1738 1224 1901 1276 nexui

203 1294 374 1346 uicem
403 1296 641 1363 exsequi,
670 1295 811 1363 quod
839 1311 1024 1346 omnes
1052 1293 1346 1345 sententias
1373 1296 1678 1346 annectant.
1715 1296 1898 1346 tamen

202 1364 495 1417 nonnullae
543 1383 607 1418 ex
655 1367 730 1417 eis
778 1382 1022 1434 separare
1071 1364 1319 1416 dicuntur
1365 1367 1425 1416 ut
1473 1367 1646 1417 autem
1684 1366 1738 1416 et
1773 1381 1902 1418 uero

138 1453 180 1487 15
202 1436 280 1488 ita
330 1436 634 1503 dumtaxat,
684 1436 728 1487 si
774 1435 832 1487 in
869 1435 1133 1503 principio
1173 1435 1420 1487 dictionis
1458 1434 1634 1503 posita
1668 1434 1896 1502 fuerint3

202 1505 259 1556 in
296 1506 483 1558 mediis
522 1509 698 1559 autem
737 1505 1056 1558 dictionibus
1090 1522 1187 1573 pro
1216 1505 1535 1575 copulatiuis
1560 1504 1900 1556 habebuntur

200 1575 338 1628 sicut
385 1577 644 1629 Aeneas
703 1576 986 1644 conposuit
1040 1592 1157 1628 eum
1202 1577 1381 1642 itaque
1425 1577 1486 1627 in
1532 1575 1731 1628 theatro
1779 1591 1899 1628 con-

197 1648 463 1699 uenissent
495 1648 747 1714 multique
781 1647 1219 1714 conflictarentur,
1247 1647 1492 1699 nonnulli
1518 1649 1692 1699 autem
1715 1646 1901 1698 sedare

195 1717 447 1785 populum
484 1719 798 1780 niterentur,
841 1718 939 1770 alii
971 1734 1094 1769 uero
1131 1718 1192 1769 in
1228 1720 1485 1770 certamen
1497 1717 1754 1784 populum
1778 1733 1899 1768 con-
1975 1730 1978 1733 “

135 1806 177 1840 20
200 1788 443 1852 citarent,
483 1791 593 1840 tum
631 1788 707 1840 sol
744 1789 958 1855 indiyne
990 1787 1164 1852 ferens
1197 1791 1402 1841 tantum
1427 1806 1462 1840 a
1488 1787 1691 1841 ciuibus
1714 1787 1898 1839 haberi

200 1858 518 1911 discordiam
563 1859 731 1911 subito
767 1859 998 1925 ¹‘tenebris
1045 1858 1212 1910 medio
1261 1858 1460 1924 offusus
1507 1857 1589 1909 die
1643 1858 1703 1909 in
1748 1873 1901 1910 mare

198 1927 341 1980 uelut
395 1929 808 1981 munitissimam
854 1929 1029 1981 urbem
1077 1928 1284 1995 refuyit.
1359 1927 1446 1979 hic
1493 1927 1634 1979 enim
1682 1929 1895 1994 praeter

197 1997 377 2064 itaque
422 2001 598 2050 cetera
644 2002 761 2050 trea
807 1997 933 2050 fona
969 1997 1023 2049 id
1062 2002 1143 2049 est
1178 2014 1275 2064 que
1312 2001 1486 2051 autem
1520 2014 1644 2050 uero
1683 1996 1898 2066 copula-

197 2067 312 2119 tiua
350 2068 507 2120 simul
545 2071 671 2120 sunt
708 2069 774 2120 ad
812 2069 1112 2136 praeterita.
1172 2067 1437 2135 expletiua
1461 2070 1638 2119 autem
1671 2069 1800 2120 duas
1826 2067 1895 2119 ob

133 2150 174 2183 25
199 2154 386 2190 causas
424 2139 500 2191 sic
538 2141 828 2202 uocantur,
867 2139 1099 2207 primum
1125 2137 1269 2206 quod
1295 2155 1506 2190 sensum
1533 2137 1780 2190 dictionis
1808 2156 1895 2189 ex-

194 2208 383 2276 pleant
419 2209 506 2261 uel
545 2209 684 2277 quod
722 2210 779 2260 in
817 2209 1002 2261 metris
1041 2209 1212 2260 locum
1251 2226 1405 2260 suum
1440 2208 1722 2260 obtineant
1746 2209 1894 2260 iuxta

194 2277 326 2330 illud
353 2278 632 2331 Oat‘onis
670 2280 827 2333 uirile
863 2296 1061 2346 quoque
1085 2282 1276 2331 certari
1299 2280 1519 2345 conpetit
1542 2295 1747 2346 aymen.
1803 2278 1893 2330 hic

311 2466 330 2502 1
371 2461 568 2516 possunt
588 2484 597 2494 ·
624 2460 728 2504 finit
765 2461 822 2505 N
854 2465 1002 2506 cetera
1040 2460 1205 2505 desunt
1231 2461 1247 2516 ΙΙ
1276 2460 1350 2505 6f.
1387 2475 1483 2503 nun
1522 2459 1661 2503 nullis
1698 2459 1760 2503 P¹
1792 2460 1807 2515 ΙΙ
1841 2465 1886 2502 11

195 2543 583 2588 nunc—dicamus
622 2557 705 2588 om.
737 2544 794 2588 N
817 2545 833 2600 ΙΙ
866 2548 916 2587 12
953 2526 1147 2587 nexuiae
1173 2544 1230 2588 N
1252 2545 1268 2600 ss
1293 2549 1342 2587 13
1374 2528 1596 2588 affectant
1623 2543 1679 2588 N
1703 2544 1718 2599 ΙΙ
1744 2548 1794 2588 15
1824 2544 1894 2588 ita

195 2599 441 2644 dumtaxat
469 2612 554 2645 om.
585 2600 642 2645 N
657 2603 673 2655 11
698 2605 748 2644 16
778 2600 1010 2662 habentur
1038 2599 1095 2644 N
1109 2601 1125 2656 ΙΙ
1153 2606 1200 2644 17
1230 2601 1384 2644 teatro
1414 2601 1460 2644 P
1479 2601 1496 2657 ΙΙ
1521 2605 1685 2644 17-24
1714 2601 1890 2643 sicut—-

192 2683 452 2738 praeterita
480 2696 564 2728 om.
585 2683 641 2728 N
656 2685 672 2740 ΙΙ
697 2688 748 2728 18
780 2666 1172 2735 οοῃῌέοῒᾶτεῃΐῑιιι·
1190 2685 1236 2728 P
1257 2685 1272 2739 ΙΙ
1293 2683 1488 2728 nonnuli
1507 2685 1552 2727 P
1575 2684 1591 2739 ΙΙ
1613 2689 1667 2727 20
1687 2684 1891 2739 tantum}

191 2739 298 2792 fort.
319 2739 499 2783 tantam
523 2741 538 2795 ΙΙ
560 2746 613 2784 23
643 2753 763 2795 quae
791 2741 837 2784 P
858 2740 873 2795 ΙΙ
896 2745 949 2782 24
978 2740 1037 2783 ad
1065 2741 1337 2797 praeterita]
1366 2740 1570 2796 petestia
1597 2741 1643 2783 P
1664 2739 1680 2795 ΙΙ
1703 2739 1887 2794 explec-

190 2794 291 2838 tiva
311 2795 372 2848 P,
405 2796 669 2850 expletivae
689 2795 745 2839 N
761 2796 776 2851 ΙΙ
798 2800 852 2840 25
872 2796 1068 2839 vocatur
1088 2796 1134 2839 P
1154 2797 1170 2851 11
1193 2796 1381 2852 expleat
1401 2796 1458 2850 P,
1488 2795 1710 2851 expleant
1733 2795 1890 2851 (exple

194 2851 246 2895 in
275 2854 384 2905 ras.)
416 2851 471 2895 N
488 2852 503 2906 ΙΙ
525 2857 579 2896 26
610 2852 866 2896 obteneant
893 2851 995 2895 ΡΝ
1002 2854 1031 2898 ¹.
