1980 3134
154 92 224 146 50
536 88 796 134 VIRGILII
825 87 1101 133 MARONIS
1130 87 1456 137 EPITOMAE.

156 219 404 271 sceretur.
479 217 625 269 cuius
663 215 1060 284 dispensatione
1111 218 1269 284 atque
1315 215 1511 268 iudicio
1560 216 1846 269 latinitatis

156 291 325 341 status
362 290 417 340 et
450 287 722 356 perficitur
760 290 813 338 et
849 286 1030 352 oritur,
1071 288 1214 354 quod
1248 285 1472 338 uerbum
1496 286 1843 356 principalem

153 361 360 428 partem
399 357 657 410 orationis
695 358 874 409 cuncti
911 359 1174 409 astruunt.
1242 374 1368 408 nam
1405 357 1532 408 licet
1566 357 1625 409 in
1662 357 1846 413 ordine

151 445 395 498 praeesse
423 446 621 481 nomen
642 426 905 495 admittat,
930 430 1112 479 tamen
1132 427 1188 479 in
1215 427 1510 495 possitione
1531 444 1845 496 quassorum

111 514 131 545 ⁵
153 500 514 568 principatum
550 500 725 564 tenet;
775 497 860 550 cui
897 497 1271 550 aduerbiorum
1307 497 1846 567 coniunctionumque

154 570 369 640 agmina
395 586 553 621 omne
578 569 661 620 ius
686 586 840 620 suum
867 567 1144 619 dederunt.
1196 567 1422 620 uerbum
1445 568 1612 635 igitur
1636 569 1853 621 duobus>

153 658 217 692 ex
262 639 435 692 modis
477 640 686 691 constat
720 655 815 691 uer
852 655 915 690 ex
951 638 1188 703 uerbere,
1237 638 1380 706 quod
1417 638 1604 708 lingua
1640 640 1844 708 gutturi

153 710 373 780 infligit,
427 711 549 763 bum
597 727 661 762 ex
700 709 909 775 beheim,
955 708 1098 777 quod
1135 726 1241 761 uox
1276 710 1468 762 reboat.
1542 727 1669 761 nam
1707 709 1847 762 sicut

152 782 310 834 homo
361 798 425 832 ex
471 797 690 848 corpore
728 781 941 832 constat
978 782 1032 832 et
1068 779 1272 846 anima,
1318 780 1396 832 ita
1434 781 1488 831 et
1522 780 1745 831 uerbum
1783 797 1846 832 ex

90 868 132 899 10
153 851 340 920 lingua
377 853 431 903 et
467 868 613 906 uoce.
673 849 752 911 de=
777 849 925 903 cuius
964 849 1068 902 VII
1106 850 1380 918 speciebus
1419 849 1720 902 ordinatum
1761 868 1846 902 ex-

153 922 451 990 possiturus
496 920 645 973 illam
691 920 938 989 primitus
986 920 1467 988 quaestiunculam,
1515 938 1649 988 quae
1688 939 1720 972 a
1755 938 1846 989 pe-

153 992 273 1044 ritis
311 992 563 1058 aboritur‚
605 991 898 1044 euentilare
934 991 1176 1043 tentabo,
1238 990 1394 1043 multi
1431 1008 1662 1059 namque
1689 1009 1846 1059 quae-

151 1063 534 1131 rimoniantur,
581 1080 673 1114 cur
710 1062 767 1113 in
803 1061 988 1114 ordine
1025 1061 1308 1113 uerborum
1351 1061 1576 1129 qualitas
1613 1061 1846 1130 primum

155 1134 495 1202 conponitur,
532 1150 650 1185 cum
690 1132 996 1201 coniugatio
1021 1132 1216 1200 triplex
1242 1131 1433 1183 soffoni
1460 1135 1585 1184 ante
1612 1132 1842 1199 deberet,

88 1219 130 1253 15
153 1204 209 1255 in
247 1221 352 1272 qua
388 1204 617 1256 maxime
642 1202 943 1256 intellectus
969 1202 1121 1254 uerbi
1146 1202 1419 1271 uirtusque
1445 1202 1845 1271 praepanditur.

151 1273 397 1326 nonnulli
436 1277 613 1325 autem
641 1273 1089 1343 significationem
1129 1272 1423 1325 antetulere
1461 1272 1725 1341 qualitati,
1764 1276 1846 1325 ut-

264 1461 304 1501 3.
336 1454 394 1509 cf.
417 1454 533 1500 Ecce.
554 1455 697 1498 Rern.
721 1458 828 1510 196,
859 1457 940 1499 24:
983 1454 1075 1499 Cur
1093 1454 1336 1512 praecedit
1355 1455 1583 1499 verbum?
1615 1455 1844 1511 Virgilius

152 1510 381 1564 ostendit,
415 1511 541 1566 quod
571 1511 683 1554 licet
711 1524 806 1555 non
835 1511 1079 1568 praecedit
1108 1511 1158 1554 in
1188 1511 1350 1555 ordine
1374 1511 1580 1567 partium
1600 1513 1655 1554 ut
1673 1524 1843 1555 nomen

149 1580 410 1624 pronomen
448 1567 667 1620 verbum,
714 1581 826 1611 vero
863 1567 1108 1624 praecedit
1144 1568 1192 1610 in
1231 1568 1366 1611 textu
1402 1567 1614 1611 lectionis
1652 1568 1706 1611 ut
1741 1568 1845 1624 ipse

152 1624 287 1668 dicit:
338 1623 461 1668 Nam
496 1623 610 1667 licet
645 1624 694 1666 in
735 1625 897 1668 ordine
935 1636 1030 1667 non
1070 1623 1301 1674 admittit,
1341 1625 1502 1668 tamen
1533 1624 1583 1667 in
1612 1624 1845 1680 positione

152 1693 365 1724 casorum
403 1679 713 1736 principalem
742 1682 877 1724 tenet
906 1680 1072 1725 locum.
1133 1681 1193 1734 cf.
1226 1683 1316 1728 art.
1346 1694 1423 1725 an.
1453 1680 1597 1727 Rern.
1627 1682 1733 1734 134,
1764 1683 1843 1724 16:

153 1735 244 1780 Cur
281 1737 439 1780 autem
469 1748 729 1792 pronomen
760 1737 958 1781 verbum
987 1737 1233 1793 precedet,
1272 1750 1377 1781 cum
1407 1736 1605 1781 verbum
1634 1737 1843 1780 omnium

151 1794 356 1849 partium
389 1792 632 1850 egregium
664 1792 741 1848 sit,
772 1793 902 1837 cuius
933 1792 1281 1847 dispensatione
1313 1792 1466 1849 adque
1497 1792 1665 1836 iuditio
1697 1794 1847 1836 omnis

150 1874 206 1880 —
231 1850 405 1893 stratus
429 1879 482 1885 —
505 1850 698 1893 ornatur
727 1863 867 1906 quam
898 1849 1210 1906 principalem
1240 1849 1425 1904 partem
1447 1848 1669 1893 orationis
1691 1850 1847 1892 cuncti

153 1906 396 1948 astruunt?
425 1918 536 1948 nam
556 1930 611 1938 —
630 1905 680 1948 in
709 1905 941 1960 positione
973 1906 1272 1961 questionum
1292 1929 1342 1936 —
1369 1904 1560 1948 dedunt.
1608 1905 1697 1949 hac
1732 1917 1845 1962 ergo

150 1961 334 2005 ratione
377 1974 636 2018 pronomen
688 1975 716 2004 a
765 1962 954 2006 nomine
1001 1974 1242 2005 secernere
1295 1961 1549 2005 noluerunt
1594 1961 1715 2005 sicut
1758 1975 1845 2005 nec

153 2017 303 2061 socius
340 2017 418 2061 vel
456 2017 670 2062 minister
707 2030 736 2060 a
773 2031 884 2073 rege
924 2018 1002 2061 vel
1039 2018 1250 2074 principe
1289 2017 1557 2062 secernitur.
1609 2018 1667 2072 cf.
1699 2018 1844 2072 infra.

152 2078 191 2120 6.
221 2073 338 2118 Exc.
368 2073 428 2118 B.
453 2085 503 2129 p.
526 2077 634 2128 196,
664 2076 746 2118 21:
786 2073 997 2117 Verbum
1026 2074 1172 2131 igitur
1202 2087 1259 2117 ex
1289 2099 1343 2106 —
1374 2086 1524 2128 eoque
1556 2087 1645 2118 vox
1675 2074 1845 2118 rebuat

150 2142 260 2173 nam
292 2130 329 2173 si
359 2155 413 2161 —
446 2131 494 2173 et
523 2130 715 2174 umbum
747 2155 800 2162 —
831 2143 959 2178 voce.

264 2290 289 2329 2
307 2288 436 2329 ortur
455 2286 502 2329 P
523 2287 538 2341 ΙΙ
561 2290 674 2329 2-4
687 2284 935 2375 perficitur·
950 2284 1206 2341 po*siti0ne
1225 2297 1497 2339 quassorum
1512 2284 1568 2328 N
1583 2286 1598 2340 ΙΙ
1621 2290 1645 2329 3
1667 2285 1845 2329 cunctis

743 2358 801 2382 ιγ
815 2352 907 2384 ques
924 2351 1047 2375 lorum

150 2384 392 2428 astruntP
412 2385 428 2440 11
449 2389 477 2428 4
491 2384 539 2428 in
549 2385 659 2429 add.
684 2385 700 2440 ΙΙ
723 2397 996 2439 quassorum
1054 2383 1100 2427 P
1121 2384 1136 2440 ss
1159 2388 1185 2428 5
1201 2384 1307 2440 que]
1326 2382 1407 2438 qui
1422 2384 1468 2427 P
1489 2384 1504 2439 ΙΙ
1527 2383 1592 2427 5f.
1610 2384 1842 2440 principa-

148 2468 543 2513 tum—dederunt
580 2481 664 2517 om.
693 2469 747 2513 N
774 2470 789 2525 ΙΙ
819 2474 844 2513 6
883 2469 1027 2513 verbo
1065 2468 1110 2511 P
1138 2468 1154 2524 ΙΙ
1186 2448 1362 2511 ἀηῗὴηε
1397 2466 1454 2511 N
1477 2468 1493 2523 ΙΙ
1524 2472 1547 2511 7
1578 2480 1661 2511 ver
1692 2481 1747 2511 ex
1779 2467 1842 2524 v.]

149 2525 342 2568 verbere
372 2525 455 2579 Pu
542 2525 655 2569 ttori
684 2527 731 2570 P
751 2526 767 2581 ΙΙ
789 2530 815 2570 8
846 2538 903 2569 ex
929 2525 984 2568 ·b·
1009 2524 1056 2568 P
1076 2525 1092 2580 ΙΙ
1114 2538 1205 2580 quo
1239 2524 1462 2584 eizreboat
1490 2525 1536 2568 P
1557 2525 1573 2580 ΙΙ
1595 2529 1620 2567 9
1651 2537 1844 2579 corpore

150 2594 207 2624 ex
237 2594 403 2636 corpus
433 2540 540 2638 Ivglll
559 2587 612 2626 10
641 2583 857 2638 specibus
886 2582 932 2625 P
961 2582 976 2637 ΙΙ
1007 2585 1171 2625 10—12
1203 2581 1728 2636 ordinatum—namque
1758 2592 1843 2624 om.

147 2636 203 2680 N
219 2637 306 2734 wll
340 2637 583 2692 primitum
614 2637 991 2695 questiunculum
1011 2638 1057 2681 P
1078 2639 1093 2692 ΙΙ
1115 2636 1307 2693 aperisti
1324 2637 1381 2700 ,P
1402 2637 1417 2693 ΙΙ
1443 2641 1491 2679 12
1524 2637 1722 2679 cantabo
1752 2636 1837 2692 ΡΗ

149 2705 226 2735 mo
246 2707 262 2734 1
291 2692 338 2735 P
365 2694 381 2748 ΙΙ
413 2698 466 2737 14
495 2694 752 2750 **ponitur
780 2693 837 2738 N
857 2697 874 2750 ι]
905 2692 1089 2746 suffoniJ
1120 2693 1184 2748 P,
1224 2706 1337 2749 pom
1368 2694 1415 2749 (p
1445 2692 1500 2736 in
1527 2694 1635 2747 ras.)
1666 2692 1722 2736 N
1743 2693 1758 2747 ΙΙ
1790 2697 1843 2735 15

148 2775 430 2840 ppandictur
465 2777 531 2831 P,
586 2760 927 2834 praepgnditur
954 2776 1011 2821 N
1034 2778 1049 2833 ιι
1083 2783 1133 2822 16
1165 2777 1445 2822 antetunere
1475 2777 1521 2820 P
1550 2777 1565 2832 n
1597 2780 1648 2820 16
1664 2776 1695 2818 f.
1727 2789 1840 2819 non-

148 2832 506 2877 nulli-viribus
537 2845 620 2877 om.
655 2834 719 2879 N.
771 2863 776 2869 ·
