1980 3134
217 96 316 148 160
588 93 845 139 VIRGILII
873 92 1147 138 MARONIS
1178 93 1525 142 EPISTOLAE.

211 221 429 274 adiectis
465 220 772 273 nominibus
810 219 1038 272 ueniunt
1074 222 1135 272 ut
1170 221 1447 285 coelestim,
1484 222 1689 288 furtim.
1748 241 1903 291 quae-

211 292 331 343 dam
386 309 513 343 uero
570 309 634 343 ex
687 289 1002 359 possessiuis
1049 291 1455 358 pronominibus
1501 295 1798 345 nascuntur
1844 297 1906 346 ut

209 363 445 427 meatim,
484 362 780 414 nostratim.
840 359 1100 428 quaedam
1138 361 1301 413 etiam
1338 379 1406 413 ex
1431 362 1727 430 participiis
1754 364 1905 416 uerbi

210 433 410 500 passiui
436 434 496 483 ut
519 433 766 497 strictim,
804 431 1139 498 sinyillatim:
1175 448 1300 484 nam
1326 433 1535 499 sinyillo
1560 433 1684 486 trite
1710 433 1906 503 legitur

167 517 188 550 5
210 504 359 554 iuxta
394 501 526 553 illud
552 500 816 553 Domini
855 501 1279 568 eloquentissimi
1317 504 1370 554 et
1403 502 1779 555 modestissimi
1802 504 1906 555 uiri

212 572 462 624 dicentis:
500 588 608 624 non
643 575 720 624 est
754 571 1026 624 mediocris
1062 571 1146 624 uel
1166 571 1343 637 facilis
1366 573 1558 639 negotii
1583 573 1774 626 bonum
1797 575 1900 626 sin·

206 643 397 710 yillare
443 659 479 695 α
528 642 682 694 malo,
755 641 1002 692 nonnulli
1051 641 1212 693 etiam
1261 659 1326 693 ex
1369 642 1554 710 primis
1601 644 1905 696 nominibus

209 713 393 764 uenire
419 711 669 764 aduerbia
694 712 1034 780 suspicantur
1070 714 1130 764 ut
1144 713 1375 780 partim,
1402 712 1542 781 quod
1568 713 1638 765 sit
1664 731 1728 765 ex
1753 717 1906 783 parte

211 783 435 847 dictum,
476 785 529 834 et
565 783 881 835 uoluntatim
919 800 982 834 ex
1018 782 1313 834 uoluntate.

149 866 188 897 10
353 852 493 914 Quid
529 852 710 904 nunc?
769 853 894 920 quia
939 853 1002 904 de
1051 852 1316 904 aduerbiis
1354 852 1548 904 alicubi
1587 853 1781 905 dixisse
1820 872 1904 906 me

210 923 470 991 arbitror,
510 940 678 975 sermo
714 922 1036 975 breuiandus
1071 924 1176 990 est3
1218 925 1343 975 ante
1381 923 1531 974 cuius
1567 923 1728 975 finem
1773 924 1906 977 illud

209 993 343 1045 mihi
372 993 631 1045 Aeneae
668 993 1070 1045 memorandum
1109 996 1215 1061 est,
1255 993 1393 1061 quod
1432 1010 1553 1044 cum
1578 993 1905 1064 interrogas-

211 1081 323 1115 sem
360 1081 508 1130 eum,
547 1066 798 1115 utrumne
837 1063 1093 1115 aduerbia
1131 1062 1366 1131 conponi
1402 1063 1638 1133 possint,
1677 1065 1816 1117 sicut
1853 1068 1907 1118 et

211 1137 415 1186 ceterae
462 1134 719 1186 orationis
759 1136 963 1202 parteS‚
1012 1134 1089 1185 ita
1126 1133 1258 1185 mihi
1293 1134 1595 1201 respondit:
1659 1135 1784 1202 quid
1821 1153 1907 1188 me

149 1222 190 1255 15
211 1205 513 1272 interrogas
549 1204 605 1255 id
644 1205 782 1272 quod
818 1204 1005 1256 tritum
1032 1203 1150 1256 est?
1201 1222 1327 1255 nam
1353 1204 1607 1256 aduerbia
1632 1205 1759 1257 duas
1787 1223 1908 1258 con-

211 1274 534 1343 positionum
595 1274 809 1342 regulas
873 1274 1102 1342 habent3
1164 1274 1362 1342 prima,
1427 1291 1562 1342 quae
1618 1276 1909 1328 secundum

212 1347 418 1413 partem
466 1362 529 1396 ex
567 1362 670 1413 qua
705 1344 888 1396 ueniet
923 1344 1257 1413 intellegitur
1293 1347 1355 1397 ut
1390 1346 1556 1398 edocte
1590 1346 1790 1399 indocte
1825 1348 1909 1399 in-

211 1416 457 1482 sipienter
506 1416 675 1482 inepte
719 1415 989 1483 reprobate
1037 1431 1288 1482 appense:
1344 1416 1602 1482 secunda,
1661 1434 1798 1484 quae
1851 1417 1911 1468 in

214 1486 481 1538 aduerbiis
519 1485 779 1537 localibus
818 1485 1154 1537 subiunctiue
1179 1488 1436 1553 ponatur3
1475 1485 1623 1538 cuius
1649 1486 1727 1538 rei
1753 1504 1911 1545 causa

150 1573 191 1605 20
215 1555 343 1623 erit,
393 1573 513 1608 cum
561 1555 707 1608 aliud
753 1556 920 1608 locale
968 1555 1278 1608 aduerbium
1325 1556 1382 1607 in
1420 1573 1748 1625 quacumque
1787 1557 1910 1609 scri-

213 1626 398 1694 ptione
436 1626 798 1694 praecesserit.
862 1628 993 1678 tunc
1031 1625 1166 1678 dicis
1205 1626 1418 1695 ibidem,
1460 1626 1599 1679 sicut
1635 1628 1795 1679 etiam
1821 1627 1910 1680 hic

213 1714 328 1748 mos
354 1697 412 1748 in
437 1696 842 1765 pronominibus
869 1697 1144 1764 sepissime
1169 1697 1465 1765 inuenitur,
1505 1697 1716 1765 quando
1742 1697 1910 1750 cuius-

213 1767 346 1819 libet
381 1784 612 1836 persona
649 1770 774 1819 ante
811 1767 1022 1835 prolata
1057 1784 1301 1819 sermone
1325 1771 1679 1836 prosequente
1705 1767 1911 1820 dicatur

214 1838 351 1890 idem
397 1837 485 1889 uel
531 1838 727 1892 eadem.
791 1841 872 1890 est
910 1839 1071 1889 etiam
1108 1837 1418 1890 aduerbium
1466 1838 1691 1890 ablatiui
1731 1856 1910 1891 cassus

152 1919 193 1951 25
216 1907 602 1974 pronominalis
641 1908 812 1960 simile
850 1910 910 1959 ut
945 1908 1063 1962 illo:
1101 1926 1226 1960 nam
1264 1925 1387 1977 sepe
1425 1908 1649 1961 dicimus
1686 1909 1776 1962 illo
1803 1909 1908 1962 exi-

216 1978 408 2042 bimuS,
465 1977 568 2030 hoc
625 1980 707 2029 est
752 1978 891 2031 illue.
964 1978 1039 2030 sic
1088 1982 1141 2030 et
1186 1994 1311 2046 que,
1370 1996 1491 2030 cum
1539 1978 1761 2031 dicimus
1811 1995 1910 2046 quo

214 2048 435 2100 uadunt.
500 2047 592 2100 sed
627 2047 758 2100 haec
796 2048 1049 2100 aduerbia
1086 2048 1304 2100 mobilia
1341 2066 1548 2116 semper
1584 2052 1726 2101 sunt.
1788 2049 1912 2117 quia

217 2121 394 2170 autem
418 2117 523 2170 hiis
550 2118 707 2170 dictis
734 2136 894 2187 supra
917 2121 1243 2171 memoratus
1271 2119 1449 2170 Aene
1465 2136 1529 2170 as
1555 2136 1707 2170 suum
1732 2118 1912 2171 finiuit

219 2206 539 2253 sermonem,
589 2188 720 2240 mihi
771 2207 980 2257 quoque
1031 2190 1172 2241 hanc
1209 2188 1487 2256 epistolam
1526 2189 1783 2241 scribenti
1819 2190 1909 2241 hic

153 2272 194 2305 30
216 2260 475 2311 terminus
512 2259 789 2328 ponendus
828 2265 924 2312 est.

334 2459 355 2497 1
387 2454 601 2512 adiectis]
638 2469 694 2498 ex
725 2455 834 2501 add.
865 2455 972 2499 Mai
993 2456 1007 2511 ΙΙ
1029 2455 1188 2499 fortim
1219 2458 1271 2500 N
1289 2457 1304 2512 ΙΙ
1325 2461 1350 2499 2
1382 2457 1450 2512 ut]
1474 2457 1534 2499 ad
1556 2455 1612 2499 N
1626 2467 1739 2501 corr.
1761 2455 1868 2498 Mai
1887 2455 1907 2511 ΙΙ

220 2515 244 2554 5
276 2509 353 2553 dfii
385 2510 456 2564 N,
488 2510 660 2554 Donati
690 2513 805 2559 coni,
826 2512 932 2555 Mai
953 2513 968 2568 ΙΙ
993 2518 1042 2555 11
1074 2512 1355 2555 breviendus
1377 2511 1440 2556 N
1454 2513 1470 2568 ss
1496 2517 1546 2556 13
1575 2511 1720 2569 possit
1749 2512 1804 2556 N
1819 2512 1834 2567 ΙΙ
1860 2517 1911 2555 14

222 2580 325 2634 quit
343 2580 399 2624 N
413 2581 428 2636 ΙΙ
454 2584 504 2625 17
537 2581 701 2639 edocte
722 2581 778 2624 N
793 2582 808 2636 ΙΙ
831 2587 884 2625 25
908 2581 1178 2637 prominalis
1198 2582 1255 2626 N
1268 2594 1381 2630 corr.
1403 2582 1511 2626 Mai
1530 2583 1546 2638 ΙΙ
1568 2586 1622 2625 26
1640 2571 1669 2623 ἦ
1697 2595 1787 2636 quo
1819 2581 1875 2625 N
1886 2581 1907 2638 Η

223 2640 275 2678 2²9
307 2636 556 2691 epistulam
586 2637 672 2692 Νιι
694 2637 970 2682 EXPLICIT
1002 2637 1252 2691 QUARTA
1282 2637 1363 2681 DE
1394 2631 1721 2682 ADVERmo.
