1980 3134
739 110 773 154 Ι.
821 109 901 153 DE
931 109 1184 154 NOMINE.
1705 114 1803 164 111

109 256 141 289 a
179 237 363 306 gnaris
402 239 455 289 et
491 235 846 306 prudentibus
882 237 1196 305 filosophiae
1235 237 1525 289 artificibus
1562 240 1806 307 apposita

110 310 265 373 sunt,
303 310 362 359 ut
400 307 497 359 sub
534 307 619 359 his
655 306 964 359 nominibus
1002 325 1260 376 generum
1297 307 1554 360 discretus
1592 310 1804 377 quidam

111 378 240 431 ordo
282 377 547 430 dictorum
585 378 1079 446 sententiarumque
1117 377 1342 430 describi
1378 378 1588 431 facilius
1613 380 1803 447 possit

254 447 357 501 Sed
394 448 521 517 quia
545 447 610 500 de
646 448 986 500 nominatiuo
1026 465 1177 501 cassu
1214 448 1388 501 dicere
1426 449 1799 519 disposuimuS,

108 519 349 587 quaestio
395 518 554 571 nobis
591 519 880 587 ingeritur,
928 536 1023 571 cur
1063 520 1156 571 uni
1193 520 1403 571 nomini
1438 520 1803 572 nominatiuus
1847 537 1868 568 5

108 589 394 658 singularis
441 606 620 641 cassus
667 590 1001 657 repperiatur
1049 589 1269 657 duplex,
1319 607 1440 642 cum
1477 608 1572 659 per
1620 609 1802 643 omnes

107 676 290 712 cassus
329 677 436 711 una
473 658 763 727 eademque
790 660 862 711 sit
885 659 1170 711 declinatio
1202 662 1261 712 ut
1286 660 1507 712 dicimus
1532 677 1646 729 sepe
1669 662 1804 729 sepis

107 733 162 782 et
195 746 310 797 seps
344 731 503 811 3613133,
545 729 698 783 Cebes
738 729 927 783 Gebitis
964 733 1019 781 et
1044 726 1205 783 Ohebs
1233 730 1483 795 Okebitis,
1522 732 1653 783 item
1686 749 1803 798 pre-

106 816 185 853 663
211 802 411 868 preeiS,
440 815 577 867 prex
592 801 793 867 precia,
832 801 973 853 sedes
1005 801 1141 853 sedis
1178 804 1232 853 et
1264 817 1342 854 ses
1370 773 1506 854 sedis
1533 805 1585 854 et
1611 806 1800 854 cetera.

108 871 210 922 hoc
247 871 476 923 maxime
514 873 734 939 propter
770 873 1063 922 metrorum
1102 871 1474 924 necessitatem
1504 872 1801 941 pedumque
1824 889 1862 921 ιο

107 942 585 993 mensurandorum
611 958 673 994 ac
699 943 1004 1009 temporum
1029 942 1352 1009 positionem
1379 942 1654 1010 accipitur.
1703 943 1803 994 hoc

105 1015 287 1064 tamen
333 1012 632 1076 sciendum,
681 1012 822 1080 quod
870 1011 1077 1080 quoties
1116 1011 1323 1064 dicatur
1358 1029 1519 1080 sepeS,
1568 1012 1803 1080 lapidum

108 1081 424 1135 ostendatur
447 1084 699 1148 materia,
729 1099 852 1134 cum
876 1084 1055 1134 autem
1081 1083 1342 1135 scribatur
1365 1099 1502 1150 sep8‚
1530 1083 1802 1152 lignorum

110 1170 319 1222 semper
355 1154 474 1205 erit.
540 1153 616 1205 sic
653 1170 776 1205 cum
813 1152 944 1205 dicis
974 1169 1178 1220 preces,
1227 1153 1480 1221 inpudica
1517 1156 1570 1205 et
1607 1171 1803 1221 procax

107 1223 210 1276 erit
246 1227 301 1276 et
337 1223 508 1276 malae
545 1224 622 1275 rei
660 1223 890 1276 maxime
926 1224 1242 1292 postulatio,
1280 1227 1337 1276 at
1352 1240 1490 1292 prex
1516 1224 1583 1276 ad
1609 1225 1802 1277 bonam
1825 1239 1866 1272 15

106 1311 316 1363 semper
350 1296 559 1363 partem
597 1294 873 1363 dirigetur.
938 1294 1029 1346 sed
1066 1295 1207 1348 sedes
1243 1311 1363 1346 cum
1401 1294 1632 1357 dicatur,
1681 1294 1802 1346 sim-

105 1364 261 1433 plicis
299 1366 354 1416 et
391 1364 791 1434 qualiscumque
827 1364 932 1417 loci
969 1366 1074 1429 est,
1126 1365 1209 1417 cui
1248 1365 1366 1433 quis
1402 1364 1667 1429 insedeat,
1719 1367 1805 1416 ast

104 1452 184 1489 ses
232 1435 450 1488 alterius
498 1436 883 1504 conpositionis
921 1435 1230 1503 altiorisque
1269 1435 1372 1487 loci
1409 1435 1476 1488 ad
1513 1434 1803 1487 sedendum

105 1506 305 1574 parati,
345 1507 489 1575 quod
526 1523 718 1575 graece
757 1506 950 1559 dicitur
985 1506 1232 1559 thronus:
1269 1506 1410 1558 unde
1450 1509 1503 1558 et
1540 1505 1715 1574 quiin
1741 1523 1802 1558 eo

106 1577 254 1629 sedet
290 1576 456 1644 thore,
495 1576 597 1629 hoc
635 1579 715 1629 est
749 1593 871 1642 rex,
910 1576 1242 1628 nominatur.
1825 1593 1868 1626 20

249 1646 385 1699 Sunt
420 1650 603 1700 tamen
642 1647 904 1715 quaedam
939 1646 1163 1699 nomina
1188 1664 1322 1715 quae
1349 1646 1478 1699 duas
1504 1664 1600 1714 per
1625 1646 1804 1698 omnia

106 1717 494 1771 declinationes
532 1717 727 1770 habere
752 1719 1051 1770 noscuntur
1076 1720 1137 1769 ut
1163 1718 1365 1770 laetitia
1391 1718 1673 1783 laetamen,
1711 1733 1805 1770 uo-

106 1790 242 1842 catio
279 1805 532 1842 uoeamen
543 1828 557 1855 ,
587 1789 936 1856 praesayium
960 1789 1359 1856 praesayimen,
1395 1787 1804 1853 fundamentum

102 1858 423 1927 fundamen,
482 1860 859 1912 monimentum
905 1859 1195 1925 monimen,
1251 1859 1653 1911 calciamentum
1698 1858 1803 1911 eal-

106 1931 333 1997 eiamen,
381 1934 711 1984 eoeamentum
750 1946 992 1994 examen,
1038 1932 1384 1982 stramentum
1418 1932 1674 1995 stramen,
1711 1929 1803 1996 fiir·
1825 1943 1868 1976 25

105 2003 428 2054 mamentum
461 2001 768 2068 firmamen,
806 2001 995 2067 speeies
1029 2001 1284 2067 specimen
1309 2002 1363 2051 et
1390 2001 1578 2054 cetera.
1637 1999 1802 2050 immo

105 2070 207 2124 hoc
244 2070 485 2123 addimus
532 2071 674 2140 quod
712 2073 821 2123 tres
858 2070 944 2123 uel
983 2072 1236 2139 quattuor
1273 2069 1654 2122 declinationes
1692 2068 1804 2136 ple-

106 2141 284 2210 risque
331 2142 640 2194 nominibus
690 2141 944 2194 eueniant
990 2141 1129 2194 sicut
1174 2143 1255 2192 est
1291 2140 1517 2203 laetitia,
1569 2140 1804 2207 laetitie8‚

222 2314 260 2353 7.
296 2309 386 2354 Ars
414 2323 491 2354 an.
511 2309 654 2354 Bern.
677 2312 785 2363 107,
814 2312 892 2353 33:
925 2307 1175 2353 Sciendum
1207 2310 1278 2352 est
1306 2309 1465 2373 autem
1496 2307 1622 2362 quod
1653 2305 1804 2350 multa

106 2367 300 2409 nomina
348 2366 399 2408 hi
443 2366 662 2410 ostenent
703 2365 1022 2410 nominativus
1067 2365 1318 2420 singularis
1362 2365 1492 2408 cuius
1535 2362 1804 2419 repperitur

108 2449 306 2505 duplex,
337 2462 444 2493 cum
472 2462 559 2506 per
579 2462 740 2493 omnes
762 2462 895 2493 casus
916 2474 971 2480 —
991 2461 1124 2514 sepes
1153 2449 1296 2505 sepis,
1328 2448 1474 2492 habes
1503 2447 1601 2492 ebis
1624 2448 1673 2491 et
1693 2420 1804 2491 11ebs

107 2505 246 2549 ebitis
283 2518 446 2562 preces
485 2506 637 2569 precis
676 2507 724 2549 et
760 2518 877 2561 prex
916 2505 1068 2561 precis
1107 2504 1239 2548 sedes
1269 2504 1390 2548 sedis
1423 2505 1470 2547 et
1501 2517 1571 2548 ses
1602 2503 1723 2548 sedis
1754 2504 1804 2548 et

109 2563 268 2605 cetera
297 2586 349 2593 -
381 2561 621 2617 accipitur.

221 2693 247 2733 8
286 2688 456 2732 chebes
494 2693 557 2743 (e2
594 2701 650 2732 ex
684 2688 719 2743 i)
758 2689 807 2731 et
842 2687 985 2731 chebs
1022 2686 1079 2732 N
1100 2689 1171 2744 119
1207 2700 1315 2746 pres
1354 2685 1411 2731 N
1431 2687 1447 2742 ΙΙ
1481 2691 1532 2731 13
1569 2685 1803 2731 matheria

227 2754 314 2785 ΒΡΘΕ

107 2785 165 2831 Ν
179 2788 194 2843 ΙΙ
216 2800 321 2855 seps
351 2785 410 2831 N
431 2799 544 2832 corr.
566 2800 623 2835 m
644 2787 703 2831 al.
726 2787 742 2842 ΙΙ
766 2789 817 2830 15
848 2786 970 2830 male
1001 2785 1059 2830 N
1072 2787 1088 2842 ΙΙ
1111 2790 1162 2830 21
1196 2785 1397 2841 quedam
1430 2786 1615 2842 (ubique
1642 2785 1753 2839 fere)
1775 2786 1795 2841 Η

107 2862 161 2902 22
191 2846 490 2902 laetistamen
521 2857 578 2903 N
591 2859 607 2914 ΙΙ
630 2863 684 2902 23
713 2857 1003 2913 pressagium
1034 2856 1099 2902 N.
