1980 3134
791 132 869 178 111.
915 131 996 177 DE
1027 133 1245 181 UERBO.
1758 140 1859 193 133

167 258 298 312 haec
337 259 400 310 de
438 277 544 328 qua
579 260 869 312 tractamus
909 260 1176 329 latinitaS,
1215 279 1324 314 una
1354 262 1568 331 quidem
1593 263 1779 334 lingua
1802 266 1859 318 in

166 329 499 398 proprietate
538 347 632 381 sua
659 330 933 397 consistit,
972 331 1167 384 multas
1194 334 1375 384 tamen
1399 334 1560 385 immo
1584 352 1722 402 pene
1746 339 1860 388 tam

167 399 584 452 innumerabiles
623 401 913 452 sententias
952 404 1006 453 et
1042 402 1311 455 orationes
1336 402 1521 471 habet,
1562 405 1751 472 quibus
1785 405 1859 458 di-

168 488 322 523 uerso
373 469 589 539 quidem
637 471 897 523 sermonis
934 472 1175 540 tramite,
1229 473 1387 525 unius
1423 476 1603 526 tamen
1640 474 1858 544 linguae

166 542 364 593 ueritas
402 540 740 609 adprobatur.
1903 561 1924 595 5

308 610 456 663 Haec
502 613 680 662 autem
726 610 845 662 ideo
891 611 1144 680 diximus,
1193 613 1318 681 quia
1365 630 1484 666 cum
1522 632 1707 667 omnes
1745 633 1859 668 ora-

164 681 328 733 tionis
384 683 564 749 partes
625 681 913 733 nonnullas
968 683 1110 750 apud
1167 683 1449 751 plerosque
1505 684 1860 739 dissonantias

164 751 430 820 habeant,
468 750 634 803 multo
660 754 843 803 tamen
868 752 1125 805 maiorem
1151 754 1210 804 in
1234 753 1398 805 uerbo
1425 753 1859 809 difficillimarum

165 823 539 890 quaestionum
589 821 780 873 siluam
831 839 892 874 ac
940 822 1389 876 dissonantiarum
1446 825 1600 877 deuia
1654 825 1859 878 inueni-

165 894 344 944 untur.
402 892 543 944 unde
582 895 636 944 et
671 892 839 944 multa
877 910 1035 961 super
1060 893 1208 944 uerbi
1234 893 1605 962 explanatione
1632 897 1858 948 concilia
1882 914 1923 947 10

165 962 306 1031 apud
344 961 614 1014 Romanos
661 961 848 1014 habita
897 980 1009 1014 esse
1054 965 1389 1032 conperimus
1402 1004 1416 1031 ‚
1468 965 1657 1033 quibus
1703 966 1860 1018 multi

166 1037 220 1085 et
254 1032 599 1085 famosissimi
636 1032 912 1101 praefuere
951 1033 1078 1101 uiri,
1116 1033 1450 1086 Iulianum
1487 1034 1603 1088 dico
1631 1038 1684 1087 et
1709 1035 1860 1089 Ter-

163 1103 482 1168 rentium,
540 1102 961 1172 Galbungum
1018 1120 1229 1172 quoque
1287 1107 1340 1156 et
1398 1104 1750 1174 Glengum,
1809 1110 1861 1159 et

164 1175 295 1226 duos
318 1173 639 1243 Gregorio
655 1192 705 1242 S,
732 1173 1082 1243 Regulum,
1102 1178 1157 1226 et
1175 1174 1444 1244 Reginum
1467 1174 1856 1244 Cornilium,

166 1245 342 1296 uirum
381 1247 508 1295 satis
547 1245 912 1312 eloquentem,
951 1261 1172 1313 graecae
1219 1248 1274 1296 et
1322 1244 1598 1299 hebreicae
1645 1246 1857 1316 linguae
1885 1266 1922 1299 15

167 1314 623 1383 promptissimum
677 1314 1047 1383 interpretem,
1105 1315 1251 1367 cuius
1298 1315 1356 1366 in
1403 1314 1571 1368 latino
1617 1334 1860 1370 sermone

166 1385 348 1454 fulgor
394 1385 601 1454 ingenii
649 1387 831 1437 tantus
879 1388 1011 1448 erat,
1065 1387 1127 1436 ut
1184 1385 1323 1437 nihil
1371 1386 1656 1439 obscurum
1702 1387 1857 1440 relin-

165 1473 325 1523 quere
371 1455 630 1508 uideatur.
697 1456 788 1523 qui
833 1473 918 1507 me
956 1473 1164 1524 quoque
1212 1458 1265 1507 et
1303 1455 1433 1508 duos
1470 1456 1609 1508 filios
1646 1456 1858 1524 Iuliani,

166 1525 495 1578 Donatum
552 1525 961 1595 grammaticum
1010 1531 1063 1577 et
1109 1525 1353 1578 Donem
1401 1527 1548 1594 prius
1592 1527 1860 1580 rethorem

164 1596 322 1649 simul
370 1599 423 1649 et
459 1596 891 1666 grammaticum,
939 1598 1126 1664 postea
1161 1596 1372 1648 fidelem
1409 1597 1566 1649 modo
1604 1597 1856 1665 presbite-
1880 1619 1922 1651 20

164 1685 311 1730 rum,
351 1667 417 1718 ad
456 1685 511 1719 se
538 1666 816 1719 uenientes
846 1666 1074 1736 benigne
1100 1684 1161 1718 ac
1190 1666 1540 1719 libentissime
1566 1668 1860 1736 suscipiens

169 1737 350 1789 docuit
385 1737 546 1805 pleno
585 1737 907 1789 rethoricam
943 1754 1126 1789 mense
1163 1739 1332 1789 artem
1371 1740 1425 1789 et
1458 1737 1561 1789 alio
1596 1739 1861 1805 poeticam

169 1811 223 1859 et
270 1808 334 1859 de
381 1807 598 1876 reliquis
645 1807 1072 1876 grammaticam,
1122 1810 1175 1859 et
1221 1807 1298 1859 ita
1338 1825 1479 1859 anno
1515 1808 1573 1859 in
1611 1808 1860 1861 conuicto

165 1878 333 1947 ipsius
382 1878 574 1930 scolari
624 1878 727 1930 diei
764 1878 1042 1946 noctisque
1089 1895 1189 1929 usu
1235 1880 1506 1930 transacto
1557 1878 1709 1947 quasi
1755 1878 1858 1932 cul·

164 1966 289 2000 men
333 1948 625 2017 quoddam,
676 1950 820 2001 omni
867 1948 1209 2017 discipulatui
1253 1950 1438 2000 nostro
1485 1965 1589 2016 quo
1637 1949 1704 2000 ad
1752 1967 1857 2001 ma·
1882 1970 1923 2003 25

166 2019 444 2089 gisterium
482 2037 747 2072 summum
784 2019 1210 2087 perueniremUS,
1250 2019 1498 2088 exiguam
1527 2018 1652 2070 licet
1676 2022 1860 2071 nostra

163 2107 262 2158 pro
310 2090 678 2142 mediocritate
728 2089 1003 2159 attigimus
1049 2090 1269 2157 partem.
1332 2106 1488 2157 quem
1537 2106 1657 2141 cum
1701 2107 1859 2157 super

164 2160 315 2212 uerbi
353 2163 490 2213 statu
529 2160 1008 2228 interrogaremus,
1046 2161 1225 2211 utrum
1250 2177 1358 2211 uno
1387 2158 1676 2227 eodemque
1701 2160 1856 2211 modo

164 2230 304 2283 idem
330 2233 501 2283 status
527 2231 732 2283 seruari
757 2231 954 2298 possit,
995 2229 1098 2283 hoc
1131 2229 1287 2281 nobis
1313 2246 1627 2297 responsum
1652 2247 1857 2281 summa

166 2318 286 2353 cum
334 2301 661 2354 exultatione
699 2301 867 2366 dedit,
916 2301 1043 2368 quia
1079 2299 1304 2352 uerbum
1341 2299 1514 2351 simile
1552 2316 1664 2351 esse
1703 2299 1920 2352 debetao

164 2371 306 2440 regi,
335 2371 483 2423 cuius
509 2371 674 2422 animi
700 2374 872 2422 status
899 2370 1054 2422 multi
1081 2373 1134 2421 et
1165 2369 1360 2421 diuersi
1387 2371 1537 2421 sunt:
1575 2386 1685 2421 non
1715 2369 1858 2421 enim

164 2441 222 2492 in
268 2441 454 2492 sedatu
501 2443 555 2492 et
601 2440 740 2492 bello
789 2458 895 2492 uno
941 2439 1096 2491 modo
1135 2441 1325 2508 regnat
1360 2456 1531 2506 neque
1568 2440 1626 2491 in
1662 2439 1857 2508 gaudio

166 2513 220 2563 et
264 2511 512 2577 tristitia,
570 2510 853 2579 aliquoties
906 2510 1049 2562 enim
1097 2509 1329 2578 rigidum
1380 2526 1519 2574 esse,
1575 2508 1856 2578 aliquoties

277 2740 301 2777 2
332 2747 482 2791 penae
513 2733 569 2777 N
591 2735 606 2789 ΙΙ
636 2738 663 2776 4
702 2733 904 2778 sermoni
932 2733 988 2777 N
1011 2734 1026 2789 ΙΙ
1057 2737 1080 2776 7
1113 2732 1418 2776 dissonentias
1455 2733 1511 2776 N
1536 2733 1551 2788 ΙΙ
1585 2737 1635 2777 13
1674 2732 1858 2788 galbul—

165 2832 350 2875 queque
381 2818 436 2862 N
459 2819 475 2874 ΙΙ
507 2823 557 2860 14
596 2817 846 2875 Gregorius
876 2817 931 2861 N
954 2818 970 2873 ΙΙ
1006 2821 1054 2861 19
1087 2792 1139 2870 ge
1172 2817 1341 2860 donem
1365 2817 1420 2860 N
1437 2817 1452 2873 ΙΙ
1475 2820 1527 2860 26
1559 2817 1727 2873 exigua
1755 2815 1850 2872 ΝΗ

163 2879 216 2919 28
247 2889 390 2918 unum
420 2875 476 2918 N
499 2876 514 2930 fl
545 2879 596 2917 31
630 2874 740 2918 anni
768 2874 824 2917 N
848 2886 963 2918 corr.
993 2873 1100 2917 Mai
1129 2875 1219 2930 1133
1250 2873 1456 2929 rigidum
1489 2873 1539 2928 (i,
1570 2886 1626 2917 ex
1659 2875 1700 2927 e)
1732 2871 1793 2915 N.
