1980 3134
174 136 241 188 70
560 131 815 178 VIRGILII
846 131 1121 176 MARONIS
1151 130 1475 176 EPITOMAE.

173 261 392 329 dicitur,
441 261 530 329 qui
569 260 639 312 sit
674 259 992 328 praecipuus
1032 258 1216 311 doctor
1253 265 1305 310 et
1343 258 1715 311 aduerbialiter
1750 276 1865 312 ma-

166 333 328 400 yister
374 349 471 400 pro
520 331 658 384 docte
707 330 966 398 accipitur
1011 330 1150 381 sicut
1186 328 1492 381 Lucanus
1531 329 1606 381 ait
1642 330 1866 383 doctores

173 403 359 455 etenim
397 403 566 454 nostri
601 402 851 469 mayister
887 401 1068 452 omnia
1101 399 1381 465 faciebant.
1439 402 1566 451 sunt
1591 400 1751 452 etiam
1777 400 1865 453 ad-

170 472 356 524 uerbia
394 489 527 540 quae
564 474 783 539 propter
819 472 1111 522 metrorum
1147 469 1492 522 necessitates
1529 463 1622 521 uel'
1647 473 1866 538 propter

128 556 150 589 5
172 545 408 595 ueterem
447 541 889 594 consuetudinem
929 543 983 592 et
1017 542 1077 591 ut
1115 539 1379 591 elimatius
1405 540 1602 607 dicam,
1644 543 1866 609 propter

169 613 419 664 uitiosam
468 612 839 663 inuentionem
889 613 980 662 aut
1026 610 1297 662 adduntur
1343 613 1402 661 ut
1444 611 1730 677 fortiositer
1767 628 1864 678 pro

165 683 396 749 fortiter,
427 686 677 749 comptose
696 700 793 749 pro
821 685 1040 750 compte,
1066 683 1160 733 aut
1184 681 1501 732 minuuntur
1525 683 1587 732 ut
1615 682 1866 735 audacter

168 769 265 820 pro
305 754 603 816 audaciter,
636 752 836 818 fetieter
867 769 964 819 pro
986 751 1222 817 feliciter.
1286 751 1399 804 heri
1422 752 1595 804 instar
1616 751 1706 817 fas
1730 769 1864 803 non-

170 822 307 874 nulli
343 825 538 891 putant
574 823 797 874 nomina
835 840 948 874 esse
973 821 1331 886 inflectibilia,
1372 821 1464 873 sed
1488 839 1588 873 nos
1615 821 1867 874 aduerbia

107 908 148 941 10
172 911 285 946 esse
322 911 433 945 11011
470 893 806 962 ambigimus.
871 891 1126 944 aduerbia
1166 891 1529 960 congregandi
1566 910 1678 944 non
1704 892 1865 944 unius

169 967 297 1016 sunt
342 966 540 1030 statUS,
593 966 687 1015 aut
734 963 877 1015 enim
927 963 1265 1031 coniungunt
1303 963 1357 1013 et
1393 962 1607 1013 stabilia
1644 965 1769 1014 sunt
1805 965 1867 1014 ut

167 1035 394 1087 inuicem
428 1050 610 1087 sumus
646 1036 739 1086 aut
776 1032 1143 1085 controuersia
1179 1034 1238 1083 ut
1281 1033 1507 1085 inuicem
1540 1033 1867 1100 insurgimus

168 1108 261 1156 aut
322 1105 582 1156 dicessiua
628 1107 688 1156 ut
737 1105 1032 1157 abiuuicem
1080 1103 1437 1170 disiuuyimur
1493 1106 1587 1155 aut
1639 1106 1866 1172 agapeta

168 1178 228 1227 ut
254 1192 358 1242 pro
395 1177 622 1228 inuicem
659 1176 982 1229 laboramus.
1045 1173 1201 1224 multi
1239 1173 1490 1225 aduerbia
1524 1173 1588 1224 de
1615 1173 1861 1225 coniunc-

106 1259 148 1292 15
170 1245 357 1297 tatiuis
395 1246 600 1297 faciunt
635 1247 696 1297 ut
732 1262 849 1312 erqo
887 1249 1087 1308 tamen,
1128 1246 1188 1295 ut
1223 1260 1340 1311 erqo
1375 1261 1472 1311 pro
1504 1260 1619 1310 sepe
1642 1247 1864 1311 ponant,

169 1320 345 1368 tamen
390 1333 487 1384 pro
534 1317 656 1368 iride
700 1316 852 1367 iuxta
910 1314 1041 1366 illud
1089 1313 1376 1383 Virgilii
1423 1314 1695 1366 Assiani
1747 1331 1864 1381 eryo

169 1387 344 1453 Zeyuut
375 1387 634 1453 sapientes
671 1390 765 1440 tua
801 1386 999 1452 scripta
1035 1402 1063 1438 o
1090 1385 1248 1453 Cato,
1287 1384 1391 1437 hoc
1429 1386 1510 1436 est
1546 1384 1720 1436 dicere
1751 1400 1866 1452 sepe

169 1457 344 1523 leyunt
406 1461 458 1508 et
520 1457 633 1525 ipse
695 1455 859 1509 Cato
910 1460 1086 1510 tamen
1147 1455 1325 1523 inquit
1378 1456 1578 1508 reuersi
1635 1454 1865 1509 Romam

167 1528 389 1580 ueniunt
423 1527 525 1579 hoc
564 1529 646 1579 est
680 1528 803 1580 iude
839 1527 1053 1580 reuersi.

741 1681 839 1752 (9.)
879 1680 959 1733 De
996 1651 1296 1748 participio.

103 1833 145 1864 20
311 1807 392 1859 De
439 1807 720 1876 participio
757 1810 959 1871 autem,
1011 1806 1147 1875 quod
1189 1824 1314 1874 pars
1351 1805 1585 1858 nominis
1623 1808 1677 1858 et
1712 1804 1864 1857 uerbi

170 1880 275 1945 est,
316 1878 380 1929 de
418 1878 609 1946 quibus
645 1879 703 1929 in
729 1877 1095 1946 superioribus
1120 1879 1180 1928 ut
1204 1879 1335 1944 puto
1363 1875 1692 1928 sufficienter
1718 1875 1864 1928 effati

173 1966 381 2013 sumuS‚
432 1965 574 2000 nunc
621 1948 806 2000 breuia
845 1947 1068 1999 dicenda
1108 1950 1250 2002 sunt.
1315 1945 1536 2016 gerendi
1575 1946 1661 1998 uel
1698 1946 1865 2015 typici

169 2018 334 2070 uerba
373 2019 436 2070 de
474 2018 768 2086 participiis
804 2017 1032 2069 diriuata
1057 2017 1236 2068 fideles
1263 2017 1458 2085 quique
1485 2016 1761 2069 doctorum
1787 2017 1863 2068 ita

169 2088 514 2158 intellegunt,
553 2091 614 2140 ut
650 2088 885 2158 eligendi
924 2087 1221 2156 genitiuum
1257 2087 1526 2155 participii
1563 2087 1710 2139 uerbi
1745 2105 1864 2155 pas-

281 2290 320 2329 8.
351 2285 468 2329 Exc.
499 2285 645 2331 Bern.
664 2287 771 2338 198,
801 2287 859 2328 18
889 2288 931 2328 et
961 2283 1096 2327 Leid.
1127 2282 1162 2336 f.
1184 2284 1287 2327 76¹2:
1336 2282 1447 2326 Heri
1478 2307 1530 2314 —
1561 2282 1863 2326 inflectabilia

167 2366 221 2372 -
253 2341 548 2398 ambigimus.
667 2346 733 2384 14.
766 2341 827 2385 ib.
860 2344 966 2393 199,
998 2343 1075 2383 11:
1109 2338 1322 2382 Multi—
1343 2339 1523 2382 faciunt
1550 2339 1605 2382 ut
1634 2352 1746 2395 ergo
1776 2352 1861 2394 pro

167 2410 307 2453 saepe
338 2423 392 2429 —
423 2397 584 2440 Asiani
614 2423 662 2429 --
701 2397 937 2453 sapientes
967 2396 1134 2452 legunt
1163 2420 1218 2428 —
1247 2396 1437 2440 reversi.

284 2571 304 2607 1
338 2565 405 2622 et]
436 2566 491 2608 ut
518 2567 564 2610 P
586 2565 601 2621 ΙΙ
625 2570 646 2608 1
664 2565 694 2610 f.
727 2565 892 2608 doctor
922 2566 971 2608 et
999 2564 1277 2608 adverbium
1308 2564 1379 2607 est
1403 2563 1523 2607 sicut
1549 2563 1606 2606 N
1621 2565 1636 2618 ΙΙ
1659 2569 1683 2607 3
1713 2563 1860 2607 nostri

167 2634 251 2664 om.
283 2620 339 2665 N
355 2623 370 2677 ΙΙ
394 2622 534 2664 etiam
558 2634 642 2665 om.
665 2621 721 2665 N
736 2622 752 2677 ΙΙ
774 2627 799 2665 3
817 2621 849 2667 f.
879 2620 1102 2664 adverbia
1121 2621 1317 2677 propter
1336 2635 1396 2663 m.
1420 2635 1466 2662 11.
1487 2619 1544 2662 N
1559 2621 1574 2675 n
1597 2623 1706 2662 4-6
1727 2619 1861 2671 ν61-τ

170 2704 415 2769 adduntur·
434 2718 519 2749 om.
550 2705 637 2761 Nl!
660 2711 685 2749 5
714 2705 787 2761 ut]
822 2706 890 2748 ait
917 2706 963 2748 P
984 2705 999 2759 n
1022 2709 1047 2746 6
1076 2687 1330 2748 fortasis-‚er
1358 2703 1445 2758 Nu
1468 2708 1491 2746 τ
1512 2703 1752 2767 minuatur
1771 2704 1817 2747 Ρ
1836 2703 1857 2758 Η

169 2765 308 2804 8-14
337 2761 845 2805 felicter—laboramus
875 2760 1044 2823 ona-N
1066 2761 1082 2816 ΙΙ
1113 2765 1165 2804 15
1181 2761 1212 2803 f.
1250 2761 1304 2802 ut
1339 2761 1500 2803 tamen
1529 2771 1632 2823 ‘pro‘
1659 2759 1767 2801 inde
1807 2761 1861 2822 ut

168 2817 1078 2929 ἓιῖἕέηὲἑζέἰῖθῇἳῗὲἒζἐῖὲὲὲξῑέῑῗῖι
1099 2815 1386 2928 ἓῖῑέζέὲὲῗ
1405 2815 1664 2916 {imm
1695 2814 1861 2858 b‘em
