1980 3134
657 105 735 155 IV.
781 107 861 152 DE
893 107 1220 153 ADUERBIO.
1684 112 1780 164 157

93 234 483 303 numquidnam
533 233 734 302 poteris
782 234 860 286 ita
896 252 1199 303 conponere
1235 238 1380 289 uenit
1414 235 1603 289 ualde?
1659 237 1783 288 alio-

93 305 227 374 quin
267 303 533 373 quomodo
571 304 894 356 sententiam
927 305 1310 375 intellegetur?
1366 305 1587 358 dicimus
1623 306 1783 358 etiam

93 379 206 428 tam
241 375 377 428 docti
415 377 468 427 et
504 377 615 426 tam
650 375 859 428 ueloces‘.
929 375 1071 427 unde
1118 379 1171 428 et
1217 375 1323 442 hii,
1375 377 1465 444 qui
1511 394 1624 428 non
1667 379 1783 428 octo

90 445 184 497 sed
241 445 420 513 plures
477 444 735 496 orationis
790 448 970 513 partes
1026 463 1371 498 annumerare
1425 446 1638 510 uolunt,
1701 450 1785 498 ad-

92 515 336 567 uerbium
372 515 429 566 in
469 514 601 565 duas
638 517 815 582 partes
854 515 1124 583 diffidunt,
1163 534 1326 568 unam
1363 517 1536 584 prisco
1571 517 1785 569 nomine
1829 534 1849 564 5

92 585 408 637 aduerbium
443 587 725 651 uocanteS,
763 585 984 638 alteram
1011 586 1412 654 expressorium.
1474 586 1672 639 etenim
1698 586 1786 638 ad·

88 655 298 718 uerbia,
338 672 475 722 quae
513 655 822 707 nominibus
859 656 948 707 uel
985 655 1103 708 aliis
1142 656 1408 708 aduerbiis
1443 657 1783 725 applicamuS,

92 743 205 778 non
240 727 350 776 tam
388 724 790 777 adiunctionem
828 726 1067 791 solitam,
1106 744 1266 795 quam
1302 744 1552 779 sensuum
1578 744 1786 794 expres-

96 797 299 848 sionem
349 795 674 864 significant.
737 795 1047 848 aduerbium
1085 797 1336 849 aduerbio
1374 796 1633 849 adherens
1672 797 1786 848 sine

91 866 475 934 conparatione
511 865 689 934 aliqua
722 866 789 917 ad
828 865 1237 919 affirmationem
1262 869 1474 918 tantum
1498 866 1788 935 pertinebit
1811 885 1851 915 10

91 939 153 989 ut
198 940 309 990 tam
356 936 510 1003 dique
556 940 610 988 et
654 936 811 990 ualde
856 937 1085 990 uir-iliter
1134 939 1188 989 et
1234 939 1366 990 satis
1399 937 1590 1004 pulcre.
1652 940 1788 988 unde

92 1023 201 1058 non
249 1023 479 1074 paruum
530 1008 711 1058 errant
747 1007 839 1074 qui
875 1011 923 1059 et
959 1006 1392 1059 coniunctionem
1430 1007 1790 1075 copulatiuam

91 1077 475 1144 interponunt,
512 1078 573 1128 ut
609 1077 679 1128 sit
714 1078 845 1130 satis
881 1081 931 1129 et
956 1077 1190 1144 pulchre.

234 1146 624 1198 Aduerbiorum
661 1147 985 1215 significatio
1022 1146 1335 1199 multimoda
1359 1148 1454 1198 est.
1517 1145 1609 1197 sed
1635 1145 1788 1216 multi

91 1217 405 1269 existimant
441 1216 589 1269 nulla
613 1217 864 1269 aduerbia
891 1234 955 1269 ex
981 1234 1095 1269 sese
1119 1217 1270 1270 nasci
1294 1234 1477 1285 posse:
1516 1234 1642 1267 nam
1667 1233 1788 1268 cum
1813 1232 1851 1264 15

89 1287 226 1340 dicis
274 1286 586 1339 aduerbium
634 1287 915 1356 separandi
959 1303 1215 1354 seorsum,
1266 1287 1433 1339 habes
1481 1303 1678 1338 nomen
1728 1303 1790 1338 ex

93 1375 198 1426 quo
235 1360 514 1423 nascatur,
559 1359 620 1410 ut
656 1360 737 1410 est
771 1374 982 1426 severus,
1030 1357 1131 1410 hoc
1171 1361 1252 1410 est
1288 1357 1380 1425 qui
1417 1374 1472 1408 se
1509 1357 1686 1425 ipsum
1723 1356 1789 1407 ab

96 1428 333 1480 humano
390 1430 601 1496 separat
656 1428 951 1480 consortio:
1008 1428 1147 1480 sicut
1203 1431 1257 1480 et
1312 1427 1531 1494 adorem,
1589 1426 1680 1494 qui
1735 1442 1790 1478 se

93 1499 271 1567 ipsum
307 1498 374 1550 ad
401 1498 641 1550 omnium
677 1515 771 1550 ora
808 1498 1043 1550 ostendit
1079 1498 1226 1550 iuxta
1259 1497 1392 1549 illud
1419 1495 1791 1549 Ciceronis:

92 1570 142 1622 si
173 1569 375 1636 peritus
406 1568 583 1634 fuere,
622 1569 847 1621 adoram
883 1586 963 1621 me
989 1567 1193 1634 faciam
1218 1568 1486 1631 omnibus;
1522 1567 1608 1619 sin
1632 1566 1785 1629 alias,
1813 1584 1856 1615 ρο

93 1655 277 1692 scarus
331 1638 537 1706 efficiar
549 1679 563 1706 ,
618 1640 804 1692 timens
851 1655 931 1691 me
978 1638 1313 1691 conuentibus
1354 1637 1560 1690 tradere
1594 1637 1788 1704 perito-

94 1726 233 1762 rum.
295 1709 455 1762 simul
491 1709 800 1761 aduerbium
840 1708 1229 1777 congregandi,
1269 1711 1322 1760 et
1346 1725 1410 1760 ex
1437 1706 1787 1759 similitudine

98 1779 356 1833 nascitur.

239 1849 398 1901 Multi
434 1849 735 1901 obtendunt
770 1849 928 1902 nobis
965 1848 1354 1918 quaestionem,
1403 1846 1668 1916 quomodo
1705 1846 1793 1898 ad-

97 1921 235 1972 iecta
270 1919 488 1971 nomina
526 1937 590 1971 ex
626 1918 889 1972 aduerbiis
914 1920 1098 1971 uenire
1123 1917 1429 1984 uideantur,
1468 1919 1530 1969 ut
1553 1917 1691 1980 heri,
1730 1934 1794 1968 ex
1817 1932 1858 1964 25

99 2008 204 2058 quo
241 1990 536 2054 hesternus;
574 1990 748 2057 hodie,
790 1990 930 2042 unde
967 1990 1278 2052 hodiernus;
1316 2004 1462 2054 crae,
1499 1986 1640 2039 unde
1678 2003 1794 2040 era-

96 2061 292 2125 stinus;
337 2059 633 2112 debuerant
681 2060 825 2112 enim
872 2060 1042 2130 magis
1089 2059 1341 2111 aduerbia
1387 2075 1452 2110 ex
1487 2057 1794 2110 nominibus

101 2131 265 2186 nasci.
331 2148 491 2198 super
528 2130 631 2182 hoc
668 2132 960 2183 Aeneam
998 2129 1270 2183 consulere
1306 2146 1390 2180 me
1415 2127 1664 2194 memini,
1704 2126 1796 2194 qui

99 2201 235 2252 mihi
273 2200 577 2269 respondit,
617 2201 757 2268 quod
794 2201 899 2253 nisi
934 2201 1132 2253 usitate
1160 2197 1482 2252 consuetudo
1505 2197 1636 2249 haec
1661 2199 1795 2248 tem-

99 2271 242 2339 poris
270 2270 523 2323 aduerbia
550 2288 661 2323 esse
688 2271 1012 2338 tradidisset,
1040 2269 1358 2338 temporalia
1381 2267 1552 2337 magis
1577 2266 1796 2318 nomina
1819 2280 1860 2312 30

101 2343 154 2393 et
209 2342 526 2408 monoptota
575 2341 837 2394 credenda
886 2341 1090 2407 forent,
1150 2338 1290 2391 unde
1337 2339 1468 2390 haec
1516 2336 1798 2389 diriuatiua

101 2414 459 2463 nascerentur.
525 2413 578 2462 et
613 2428 682 2463 ne
721 2412 804 2463 sui
841 2412 1011 2480 ipsius
1035 2426 1278 2479 promere
1304 2407 1627 2460 sententiam
1650 2406 1797 2458 uide-

102 2485 272 2546 retur,
324 2499 356 2533 a
393 2480 622 2548 quodam
661 2499 715 2534 se
754 2499 878 2534 sene
917 2481 1090 2533 Iulio
1127 2480 1342 2532 doctore
1380 2477 1624 2530 didicisse
1661 2493 1799 2529 asse-

221 2654 240 2691 1
272 2647 601 2703 numquitnam
632 2648 688 2693 N
710 2650 726 2705 11
756 2649 934 2704 aliquin
972 2647 1029 2692 N
1051 2659 1166 2692 corr.
1198 2646 1305 2690 Mai
1331 2647 1347 2701 ΙΙ
1376 2651 1401 2690 3
1432 2645 1618 2689 velocet
1646 2642 1704 2688 N
1727 2644 1747 2706 η
1774 2646 1800 2686 5

105 2705 256 2760 prisco
288 2704 321 2755 (i
350 2718 405 2748 ex
426 2706 469 2759 e)
501 2703 558 2748 N
573 2705 588 2760 ss
610 2709 635 2747 6
669 2704 998 2749 adverbiorum
1028 2703 1084 2747 N
1100 2705 1115 2760 ΙΙ
1138 2703 1456 2760 expresorium
1485 2701 1540 2745 N
1555 2701 1571 2757 11
1593 2713 1800 2744 eccemm

103 2761 160 2805 N
183 2760 240 2815 cf.
264 2761 479 2816 Excerpe.
502 2761 518 2816 11
541 2765 566 2804 8
597 2774 783 2804 sensum
814 2761 870 2805 N
891 2773 1004 2808 corr.
1027 2760 1132 2804 Mai
1152 2761 1168 2816 ΙΙ
1193 2764 1241 2802 11
1273 2758 1435 2816 pulcre
1464 2757 1521 2802 N
1534 2758 1550 2812 11
1575 2761 1626 2802 18
1648 2755 1800 2799 adoris

104 2845 160 2888 N
183 2857 297 2890 corr.
324 2845 431 2889 Mai
452 2846 467 2900 ΙΙ
490 2849 543 2888 27
578 2828 834 2889 debuerant
862 2845 923 2892 N.
