1980 3134
630 69 708 114 VI.
757 68 838 114 DE
867 69 1247 116 PRONOMINE.
1712 75 1778 126 47

88 215 200 251 non
238 199 358 250 stat.
416 198 558 250 inter
593 198 641 250 is
677 199 732 249 et
766 198 850 250 hic
875 197 976 250 hoe
1002 197 1178 263 distat,
1205 197 1344 268 quod
1368 199 1416 252 is
1441 198 1781 269 subiungitur

88 271 151 321 ut
186 272 245 322 at
278 270 339 322 is.
397 267 488 321 sed
522 269 704 320 tamen
731 267 775 319 si
802 268 1234 322 coniunctionem
1261 269 1653 322 subiunctiuam
1678 270 1780 322 sibi

90 338 340 391 habuerit
385 338 711 407 copulatam,
759 338 808 391 is
855 339 1110 407 praeponi
1157 341 1362 408 potest,
1409 343 1471 392 ut
1505 341 1554 393 is
1589 344 1779 408 autem,

84 411 133 463 is
178 427 318 463 uero.
393 410 476 463 hic
521 411 696 461 autem
746 425 953 476 semper
998 410 1343 478 praeponitur
1385 413 1447 462 ut
1491 410 1575 463 hic
1623 412 1777 468 enim.

86 481 131 532 si
168 479 380 549 quando
430 479 794 532 coniunctioni
841 480 1214 547 praepossitiui
1252 481 1456 533 ordinis
1491 480 1658 533 fuerit
1696 498 1778 533 eo·
1822 497 1843 529 5

84 550 359 618 pulatum‚
397 554 527 603 tune
564 549 711 601 lieito
750 550 1090 618 subiungitur
1128 553 1186 602 ut
1211 552 1461 618 quoniam
1487 552 1587 604 hie.
1651 551 1780 620 legi-

84 638 202 672 mus
248 620 389 673 flecti
431 621 533 673 mei
567 619 656 672 uel
693 620 811 672 mig.
885 638 1048 688 quare
1093 620 1197 673 hoe
1243 621 1492 674 additur?
1553 623 1657 674 hoe
1702 623 1780 674 ita

83 690 528 760 intellegendum,
566 690 689 758 quia
712 692 810 743 mis
833 708 945 743 non
971 690 1167 743 dieitur
1190 692 1295 744 nisi
1322 692 1385 744 de
1412 710 1473 744 ea
1497 709 1580 759 re,
1619 709 1780 760 quam

83 760 217 813 mihi
250 762 316 814 ab
352 762 531 830 aliquo
561 760 911 829 repromisam
937 778 1090 829 spero
1116 766 1426 814 euenturam
1441 802 1454 829 ‚
1481 764 1578 815 mei
1603 765 1780 815 autem

84 831 148 883 de
188 848 249 884 eo
287 833 425 901 quod
465 832 531 885 ad
569 847 822 899 praesens
860 832 1135 899 possedeo,
1199 836 1327 884 sunt
1364 836 1417 885 et
1454 833 1559 885 alia
1586 850 1843 900 prono-10

83 902 258 970 mina,
323 920 458 971 quae
523 902 580 954 in
635 901 902 954 latinitate
955 903 1181 954 ussitate
1237 920 1349 955 non
1405 903 1672 956 habentur
1728 906 1780 955 et

83 974 267 1025 tamen
311 972 532 1026 indubie
578 971 912 1040 recipiuntur
961 989 1156 1041 genere
1203 972 1498 1025 masculino
1546 977 1606 1025 ut
1651 990 1778 1039 πτας,

84 1043 355 1112 genitiuus
374 1045 462 1109 mi,
490 1043 701 1095 datiuus
721 1059 819 1110 m0,
847 1043 1181 1095 aecusatiuus
1204 1060 1359 1112 mum,
1386 1044 1663 1096 uocatiuus
1687 1045 1778 1112 mi,

85 1113 352 1166 ablatiuus
389 1131 473 1167 mo
510 1117 565 1166 et
600 1113 879 1181 pluraliter
925 1114 1000 1166 mi
1046 1130 1247 1166 morum
1283 1115 1385 1166 mis
1420 1131 1529 1167 mos
1566 1132 1595 1168 ο
1633 1116 1708 1168 mi
1743 1132 1779 1167 a

81 1185 208 1252 mie,
257 1184 519 1237 feminino
557 1202 647 1238 ma
685 1200 802 1237 mae
847 1200 964 1236 mae
1012 1200 1156 1236 mam
1203 1201 1230 1237 o
1279 1201 1369 1239 ma
1414 1203 1449 1238 a
1489 1201 1606 1252 ma,
1657 1184 1775 1254 plu·
1798 1203 1840 1235 15

82 1254 267 1307 raliter
303 1272 421 1309 mae
455 1271 668 1308 marum
705 1255 806 1307 mis
842 1270 958 1308 mas
982 1271 1099 1307 mae
1135 1274 1169 1308 a
1193 1255 1309 1319 mis,
1346 1257 1596 1307 neutrum
1617 1273 1777 1324 mum,

83 1342 182 1393 pro
220 1343 324 1394 quo
362 1327 421 1378 in
457 1343 585 1378 ussu
623 1324 851 1377 habetur
887 1341 1052 1389 meu-9,
1093 1325 1169 1377 sie
1207 1326 1309 1377 erit
1334 1329 1386 1378 et
1410 1330 1493 1379 tus
1517 1344 1615 1394 pro
1642 1331 1776 1380 tuus.

198 1512 235 1551 1.
268 1507 385 1552 Exc.
415 1507 558 1554 Rern.
587 1509 692 1561 194,
726 1509 803 1550 15:
849 1506 977 1550 Inter
1014 1506 1053 1549 is
1084 1508 1133 1550 et
1161 1506 1237 1550 hie
1267 1507 1355 1550 hoe
1385 1508 1583 1552 interest
1611 1532 1666 1539 —
1697 1507 1778 1551 sed

81 1564 268 1607 tantum
309 1588 365 1595 —
407 1563 714 1620 praeponitur
757 1563 834 1607 hie
876 1589 932 1595 -
977 1563 1241 1608 coniunctio
1288 1563 1331 1607 ei
1408 1563 1679 1619 raepositivi
1722 1590 1779 1595 -

84 1620 302 1675 quoniam
339 1620 428 1667 hie.
572 1624 612 1663 6.
652 1619 845 1676 Fraym.
883 1619 1033 1664 Mont.
1072 1619 1148 1673 (cf.
1185 1621 1341 1677 amm:
1427 1620 1607 1677 egimus
1651 1619 1778 1664 flecti

81 1676 177 1720 mei
207 1676 283 1720 vel
316 1677 404 1719 mis
439 1676 522 1721 sed
555 1676 644 1719 mis
673 1689 766 1720 non
802 1675 973 1719 dieitur
1007 1700 1062 1707 -
1097 1675 1155 1720 de
1202 1689 1259 1720 ea
1302 1689 1423 1732 quae
1457 1701 1514 1710 —-·
1547 1675 1776 1733 possideo,

82 1731 199 1780 Exe.
221 1732 366 1777 Bern.
395 1735 503 1786 194,
532 1736 587 1776 11
597 1749 626 1774 :.
652 1731 872 1789 Legimus
902 1731 1024 1776 flecti
1049 1755 1098 1764 —
1125 1737 1174 1776 et
1201 1733 1449 1777 venturam
1473 1759 1525 1766 -
1546 1732 1776 1788 possideo.

84 1794 150 1833 10.
180 1788 292 1837 ibid,
322 1792 428 1843 196,
460 1791 538 1832 14:
588 1789 706 1833 Sunt
735 1787 829 1831 alia
847 1787 1124 1844 pronomina
1146 1813 1196 1820 —
1218 1789 1395 1834 usitata
1413 1815 1468 1822 —
1488 1790 1555 1833 itfi
1584 1788 1777 1832 dubiam

80 1845 396 1945 reboipiungur
415 1871 475 1945 1—
497 1858 600 1944 nliius
628 1843 693 1887 mi
722 1858 800 1889 mo
829 1858 960 1887 mum
990 1844 1055 1908 mi
1084 1857 1160 1888 mo
1183 1845 1364 1945 tplurali
1392 1846 1459 1889 mi
1478 1871 1533 1878 -
1553 1845 1778 1945 fetminino

80 1914 312 1945 ma—e
434 1914 520 1945 ura
591 1913 1046 1944 -masoamis
1087 1914 1349 1945 neuro—
1419 1914 1481 1945 uo
1527 1915 1779 1945 auem-

81 1959 204 2002 tuus.
262 1916 570 2005 Eoec.pNanc.
596 1970 650 2014 p.
682 1961 758 2001 19:
811 1955 930 2000 Sunt
967 1956 1061 2001 alia
1096 1982 1150 1989 -
1188 1958 1360 2004 usitate
1388 1917 1454 1991 q—
1491 1957 1685 2003 indubie
1725 1984 1777 1990 —

81 2028 183 2058 mus
214 2018 293 2060 etc.

200 2175 221 2212 1
255 2168 397 2225 quod]
435 2182 526 2224 quo
555 2168 610 2212 in
637 2181 730 2212 ras.
759 2169 815 2213 N
829 2169 846 2222 ΙΙ
867 2173 893 2212 3
923 2167 1179 2226 preceponi
1207 2169 1254 2212 P
1274 2169 1290 2224 ΙΙ
1312 2168 1360 2212 at
1388 2167 1428 2211 is
1465 2170 1520 2212 ut
1548 2169 1587 2212 is
1618 2171 1778 2212 autem

83 2226 139 2270 N
162 2229 240 2272 cet.
273 2237 357 2270 om.
388 2226 404 2281 11
431 2230 459 2268 4
489 2226 666 2281 autem]
701 2238 784 2270 om.
815 2224 873 2269 N
894 2225 910 2280 ΙΙ
943 2229 967 2268 7
997 2225 1073 2267 hie
1104 2225 1228 2269 enim
1257 2225 1382 2269 inter
1410 2225 1505 2268 mei
1536 2226 1584 2268 et
1612 2226 1699 2268 mis
1728 2224 1784 2269 N

86 2314 166 2356 cet.
201 2322 286 2354 om.
318 2310 336 2366 ιι
363 2313 389 2353 5
428 2283 753 2367 coniunctioni?
785 2310 832 2354 P
860 2310 875 2365 ιι
904 2281 1166 2377 Ριρροὲῑιῑῇ
1189 2309 1236 2353 Ρ
1256 2310 1271 2364 ιι
1294 2314 1317 2353 7
1335 2308 1365 2356 f.
1389 2312 1497 2364 post
1524 2308 1593 2352 ita
1619 2309 1671 2352 in
1691 2322 1776 2366 my.

80 2373 426 2438 ifitelegiturP
446 2380 463 2435 ss
484 2383 622 2423 8-10
650 2379 739 2423 mis
777 2380 963 2435 quando
994 2393 1036 2424 a.
1067 2393 1108 2427 a.
1139 2393 1274 2435 spero
1305 2379 1582 2434 promissam
1614 2379 1776 2423 ventu-

82 2450 182 2480 ram
212 2449 312 2480 rem
342 2434 437 2479 mei
467 2435 594 2493 quod
622 2449 844 2492 praesens
873 2451 919 2492 p.
941 2435 998 2479 N
1011 2437 1027 2492 ΙΙ
1049 2440 1075 2480 8
1106 2435 1164 2480 de
1195 2436 1264 2479 &a
1289 2435 1336 2478 P
1355 2435 1372 2490 ΙΙ
1396 2439 1560 2479 10—12
1592 2436 1640 2478 et
1670 2437 1778 2478 sunt

82 2536 128 2577 p.
164 2534 208 2576 q.
242 2534 335 2564 non
374 2520 533 2563 omnia
570 2522 620 2563 in
658 2525 744 2564 usu
781 2520 1014 2564 habentur
1044 2519 1098 2562 ut
1127 2499 1231 2562 miis
1258 2518 1316 2563 N
1318 2522 1416 2590 gf}
1457 2530 1542 2563 om.
1573 2519 1588 2574 ΙΙ
1619 2523 1670 2562 12
1707 2519 1776 2562 in-

84 2591 239 2635 dubiae
269 2591 315 2635 P
344 2593 359 2648 ΙΙ
387 2591 646 2648 reeipiutur
674 2591 721 2634 P
741 2591 757 2646 ΙΙ
781 2595 832 2635 13
863 2592 923 2646 ge
954 2590 1021 2642 P,
1061 2590 1182 2646 gem—o
1212 2589 1269 2634 N
1283 2591 1299 2645 ΙΙ
1322 2589 1405 2633 dat
1433 2587 1538 2632 ΡΝ
1552 2590 1568 2645 ΙΙ
1591 2602 1776 2634 accusa-

83 2676 182 2720 tivo
217 2676 265 2732 (ο
298 2689 353 2720 ex
382 2678 431 2730 u)
460 2675 515 2721 N
539 2677 554 2731 ιι
577 2688 603 2719 0
633 2675 717 2718 mfl
745 2675 791 2719 P
811 2675 828 2731 ιι
854 2678 903 2718 15
931 2688 1064 2719 meae
1094 2657 1201 2727 mga
1221 2675 1267 2718 Ρ
1295 2674 1312 2730 ιι
1340 2673 1423 2730 plu
1452 2674 1519 2728 P,
1558 2685 1644 2718 om.
1678 2673 1772 2730 Νιι

64 2751 66 2754 ’
85 2763 138 2803 16
170 2761 219 2804 et
246 2764 463 2805 neutrum
494 2760 550 2804 N
564 2760 580 2815 ΙΙ
601 2773 730 2802 mum
762 2761 848 2815 (m1
869 2761 998 2815 corr.)
1029 2759 1236 2816 sequitur
1257 2759 1306 2802 et
1324 2759 1400 2802 tus
1420 2733 1539 2802 tid&
1552 2758 1702 2802 solum
1724 2757 1780 2802 N

84 2820 163 2860 cet.
194 2829 275 2861 om.
