1980 3134
706 54 788 99 IV.
834 53 916 97 DE
945 53 1185 101 METRIS.
1728 57 1790 108 17

99 181 400 235 uolutatum
438 181 636 250 sepiter
671 183 1021 249 usurpantur,
1068 184 1128 234 ut
1178 183 1303 234 suut
1351 184 1690 234 cantamenta
1739 185 1791 234 et

101 252 434 319 cantatellae‚
475 251 668 319 quibus
706 251 790 303 uel
823 251 1052 304 maxime
1079 250 1402 320 Sagillius
1428 269 1711 320 germanus
1739 258 1792 305 et

99 321 427 374 Vitellius
464 324 700 374 utuntur.
764 324 817 374 et
852 322 946 374 ille
984 322 1196 390 quidem
1232 323 1293 374 in
1327 322 1508 374 libello
1546 323 1611 375 de
1646 341 1792 375 mare

99 395 152 444 et
198 392 327 444 luna
363 392 562 460 scripto
601 392 782 444 statim
819 392 876 443 iu
902 393 1174 460 prooemio
1201 395 1603 445 cantamentum
1628 393 1792 446 insuit

98 463 282 515 dicens
1835 479 1856 510 ⁵

507 562 654 599 mare
689 549 736 598 et
772 546 902 599 luna
974 551 1290 600 comm-runt
1322 565 1437 602 una

506 618 619 669 uice
655 617 852 669 altante
924 621 1210 684 temporum
1241 620 1431 686 qando.

101 715 206 767 iste
257 704 384 767 uero
429 714 488 766 in
533 713 689 766 laude
728 713 1004 766 Matronae
1050 715 1232 767 uxoris
1283 733 1409 768 suae
1447 716 1793 769 cantatellam

100 786 232 838 satis
270 784 552 838 iocundam
589 784 788 849 intulit,
828 785 885 836 in
923 785 1151 853 quadam
1188 786 1263 838 ita
1298 786 1490 838 infiens

312 901 446 949 mea,
489 901 605 937 mea
641 883 923 950 Matrona,
960 887 1109 936 tuum
1146 884 1424 952 amplector
1458 901 1632 952 soma,
1811 902 1852 932 10

313 955 462 1008 nobis
499 956 686 1009 anima
721 970 835 1006 una
870 954 1012 1006 heret
1048 971 1218 1021 aquae
1255 958 1489 1008 arctura.

241 1051 314 1104 Et
351 1054 605 1121 quoniam
643 1052 706 1104 de
740 1050 1043 1104 rhetoribus
1078 1055 1133 1104 et
1158 1053 1406 1120 leporieis
1432 1054 1795 1106 mentiuneula

97 1122 241 1175 faeta
265 1125 346 1175 est
370 1126 424 1175 et
448 1124 511 1176 de
538 1124 720 1175 metris
747 1125 906 1190 atque
932 1123 1257 1175 carminibus
1283 1141 1454 1175 sermo
1479 1142 1793 1193 progressus

99 1198 196 1258 est,
234 1194 478 1248 uideatur
502 1194 634 1246 mihi
661 1193 998 1246 commodum
1025 1211 1156 1257 esse,
1197 1197 1258 1245 ut
1282 1194 1564 1262 aliquando
1591 1194 1654 1247 de
1680 1195 1792 1248 filo-

98 1264 318 1332 sophiae
372 1265 659 1335 generibus
704 1281 1007 1316 memorem.
1081 1264 1368 1332 filosophia
1416 1268 1495 1317 est
1542 1283 1692 1318 amor
1740 1269 1794 1318 et
1816 1279 1857 1311 15

98 1334 328 1387 intentio
365 1336 675 1404 sapientiae,
716 1351 849 1403 quae
886 1333 1009 1386 fons
1047 1338 1101 1386 et
1134 1336 1330 1386 matrix
1357 1338 1438 1387 est
1463 1336 1636 1388 omnis
1664 1338 1792 1388 artis

100 1422 162 1456 ac
200 1405 534 1474 disciplinae,
574 1406 715 1457 unde
754 1408 807 1456 et
845 1405 1020 1457 omnis
1058 1405 1151 1473 qui
1189 1406 1247 1457 in
1285 1423 1616 1474 quacumque
1641 1410 1792 1475 parte

99 1476 213 1528 siue
251 1477 467 1529 caelesti
504 1477 617 1528 siue
653 1475 892 1528 terrestri
927 1493 1063 1543 puro
1103 1493 1283 1528 amore
1322 1479 1375 1528 et
1400 1476 1610 1528 intenta
1646 1477 1792 1529 solli-

100 1545 333 1599 eitudine
360 1548 619 1616 sapificat‚
655 1545 948 1614 filosophus
981 1545 1235 1598 dicendus
1262 1550 1343 1598 est
1367 1549 1524 1599 reete.
1574 1549 1790 1600 nostrae

99 1619 277 1669 autem
332 1617 642 1686 filosophiae
697 1619 837 1669 artes
890 1619 1016 1669 sunt
1059 1616 1286 1684 multae,
1344 1635 1567 1685 quarum
1614 1618 1789 1670 studia
1813 1635 1855 1668 20

98 1687 418 1755 principalia
455 1689 605 1739 sunt:
655 1705 859 1756 poema,
897 1687 1150 1754 rhetoria,
1188 1704 1388 1756 graina,
1426 1687 1646 1757 leporia‚
1685 1689 1793 1741 dia-

98 1758 262 1823 lecta‚
311 1758 605 1827 geometria
653 1761 708 1810 et
744 1761 919 1810 cetera
928 1798 944 1826 ‚
991 1775 1127 1826 quae
1164 1775 1278 1810 non
1313 1761 1423 1810 tam
1462 1758 1793 1811 emulitatem

101 1846 260 1896 quam
308 1829 670 1881 curiositatem
714 1827 1087 1897 praetendunt.
1163 1828 1305 1880 inter
1354 1846 1546 1897 poema
1583 1832 1637 1881 et
1671 1829 1792 1881 rhe-

102 1899 297 1951 toriam
334 1899 439 1951 hoo
477 1898 667 1968 distat,
717 1899 859 1967 quod
896 1916 1085 1968 poema
1124 1899 1206 1951 sui
1245 1901 1501 1951 uarietate
1540 1901 1793 1952 contenta

215 2058 235 2095 1
282 2053 576 2097 voluntatem
627 2052 698 2108 N,
747 2053 856 2107 fort.
912 2052 1210 2096 voluntatum
1247 2054 1262 2109 ss
1300 2054 1589 2097 cantametra
1633 2053 1679 2096 P
1714 2054 1729 2109 ΙΙ
1769 2059 1793 2096 2

99 2110 331 2211 sagifflius-
356 2145 402 2188 P
429 2145 446 2200 11
473 2150 500 2188 4
539 2146 593 2188 ut
630 2144 687 2188 N
708 2145 724 2200 ss
754 2144 945 2199 stac'ltim
982 2145 1028 2188 P
1053 2144 1075 2201 [l
1100 2144 1356 2200 prohcenio
1385 2146 1453 2201 P,
1485 2144 1666 2203 premio
1698 2143 1755 2188 N
1772 2146 1789 2199 [ξ

101 2220 337 2281 eantaffitc's
360 2236 417 2280 N
430 2237 446 2292 ιι
468 2236 576 2289 fon.
598 2236 798 2280 inseruit
817 2237 833 2292 ιι
854 2240 880 2279 8
901 2237 1077 2280 uxroris
1092 2237 1138 2279 Ρ
1159 2236 1175 2292 ιι
1197 2236 1473 2279 cantateuat
1487 2235 1544 2279 N
1558 2236 1574 2291 ιι
1596 2241 1620 2280 9
1636 2235 1794 2279 iucon-

102 2294 211 2336 dam
240 2295 301 2348 P,
331 2305 416 2337 om.
450 2292 506 2337 N
527 2294 543 2349 ΙΙ
573 2292 811 2348 quondam
841 2291 892 2335 N
918 2293 935 2348 ΙΙ
962 2292 1133 2336 insiens
1163 2292 1221 2335 N
1242 2293 1258 2348 ΙΙ
1283 2298 1334 2336 10
1363 2306 1470 2336 mea
1500 2293 1665 2347 (semel)
1696 2291 1754 2335 N
1769 2292 1791 2350 ΙΙ

100 2379 342 2430 matronae
366 2378 412 2421 P
431 2377 448 2432 11
471 2378 606 2431 goma
634 2378 695 2430 P,
716 2389 834 2420 zona
855 2375 912 2419 N
926 2377 942 2432 ΙΙ
968 2381 1015 2419 11
1039 2389 1163 2431 aqua
1180 2376 1366 2419 tactura
1380 2376 1548 2420 Hartel
1568 2377 1584 2432 ΙΙ
1609 2380 1659 2419 12
1674 2350 1797 2420 τὲὺο-

100 2461 228 2504 ribus
256 2461 303 2505 P
323 2461 339 2516 ΙΙ
364 2465 415 2504 13
445 2473 772 2517 progressurus
790 2460 846 2504 N
861 2461 877 2516 ss
900 2464 953 2503 14
974 2442 1360 2516 de**filo³sophiae
1382 2461 1464 2516 (ph
1485 2462 1615 2516 eras.)
1637 2461 1684 2504 P
1703 2461 1720 2517 ΙΙ
1745 2465 1796 2505 15

101 2545 367 2589 memorant
381 2545 438 2589 N
452 2546 468 2601 ΙΙ
490 2557 621 2588 amor
636 2544 828 2600 quidam
840 2543 897 2587 N
911 2545 927 2599 ΙΙ
950 2547 1002 2587 16
1019 2542 1197 2599 quiaN
1211 2544 1227 2600 ss
1251 2548 1302 2587 17
1318 2557 1413 2599 qua
1428 2545 1530 2588 esici
1544 2527 1703 2602 parte*
1712 2547 1794 2602 (m)

100 2629 148 2672 P
167 2631 274 2684 fort,
291 2642 549 2683 quaeumce
571 2630 588 2685 ι]
611 2633 663 2672 18
684 2628 866 2691 amore]
882 2628 1065 2691 animae
1087 2627 1144 2671 N
1158 2629 1174 2683 ΙΙ
1194 2610 1380 2672 intenta
1408 2628 1466 2673 N
1485 2629 1501 2685 ΙΙ
1526 2634 1577 2674 19
1607 2612 1736 2674 recta
1749 2631 1796 2674 P

107 2686 126 2741 ΙΙ
151 2687 311 2729 nostra
340 2686 386 2728 P
414 2686 430 2741 ΙΙ
458 2690 509 2728 21
541 2685 748 2728 rehtoria
776 2685 846 2737 P,
884 2685 1064 2728 rathma
1092 2684 1149 2728 N
1171 2686 1187 2740 ΙΙ
1217 2699 1406 2742 gamma
1435 2686 1481 2729 P
1505 2685 1612 2739 fort.
1641 2700 1795 2743 gram-

78 2791 81 2793 Α
102 2742 278 2785 matina
297 2743 313 2797 ss
335 2741 522 2800 delecta
549 2742 595 2785 P
615 2742 631 2797 ΙΙ
653 2747 706 2784 22
738 2741 1026 2797 geometrica
1049 2742 1094 2785 P
1115 2743 1130 2797 ΙΙ
1153 2747 1206 2785 23
1237 2741 1444 2786 rehtoria
1463 2742 1527 2795 P,
1562 2742 1797 2786 rhetorica

104 2797 160 2840 N
173 2798 189 2853 ΙΙ
211 2802 266 2841 24
296 2798 451 2842 destat
478 2799 524 2841 P
545 2799 559 2853 ΙΙ
582 2798 782 2841 varitate
803 2799 864 2842 P.

187 2876 316 2917 Vir-gil
341 2876 398 2910 ed.
421 2877 599 2909 Huemer.
1432 2873 1456 2911 2
