1980 3134
376 105 434 149 ΙΙ.
466 104 905 150 FRAGMENTUM
925 104 1566 151 MONTEPESSULANUM.
1754 108 1822 160 99

118 232 386 302 positione
437 233 620 286 littera
669 234 908 284 mutatur
954 235 1015 284 ut
1061 234 1239 286 exulto
1288 233 1431 302 quod
1479 236 1558 286 est
1595 234 1652 285 in
1690 252 1819 287 uoce

119 303 315 372 prolati
353 303 562 372 gaudii,
598 302 797 355 insulto
837 303 1209 356 inrisitationis
1248 307 1329 357 est
1363 303 1634 356 iniuriose.
1700 322 1819 372 per-

120 373 258 426 sulto
314 391 432 426 cum
483 391 580 442 per
617 390 769 425 aures
818 374 980 425 etiam
1018 375 1179 444 longe
1218 374 1544 427 adstantium
1583 375 1818 427 sonitum

117 446 398 513 penetrare
435 443 590 496 facio.
661 443 859 496 resulto
897 461 1014 496 cum
1052 445 1159 497 alte
1196 445 1508 514 respondeo,
1574 445 1818 498 consulto

117 515 396 583 prudentis
451 514 662 567 consilii
718 517 800 567 est
855 514 1151 583 dispositio,
1224 518 1394 568 testor
1442 515 1644 583 aliquid
1694 533 1816 568 con-
1862 533 1882 566 5

117 587 338 637 firmans
387 585 672 637 sententia.
742 588 1007 638 contestor
1054 603 1172 638 cum
1221 586 1452 655 quadam
1504 586 1819 639 auctoritate

117 656 406 708 affirmans,
456 657 722 725 protestor
747 656 1029 708 manifeste
1056 658 1294 709 cauenda
1319 657 1662 708 denuntians.
1728 657 1819 708 ob-

115 729 287 779 testor
324 726 556 794 aliquem
594 725 660 778 ad
697 726 1067 779 testimonium
1109 744 1307 779 uocans
1341 728 1430 795 qui
1456 727 1528 779 sit
1555 727 1819 796 dignitate

115 797 200 850 hel
250 797 571 849 auctoritate
619 796 875 849 eminenS.
938 797 1171 850 detestor
1218 798 1417 866 aliquid
1464 798 1817 849 execrandum

115 885 388 935 respuens,
463 867 578 919 iuro
627 866 984 919 iuramentum
1032 886 1218 920 uerum
1256 886 1375 921 cum
1419 868 1649 936 quadam
1686 868 1816 920 iuris
1840 886 1882 917 10

113 938 326 990 iurandi
373 938 776 990 confirmatione
823 938 1138 991 testificans.
1201 940 1414 1007 periuro
1462 938 1818 990 iuramentum

114 1008 351 1061 falsitate
376 1009 639 1077 polluens,
692 1008 876 1060 adiuro
901 1010 1163 1061 maiorem
1190 1009 1486 1077 potentiam
1512 1008 1818 1061 obsecrans,

115 1096 260 1148 pono
294 1079 608 1148 simpliciter
634 1079 836 1147 aliquid
859 1082 1117 1132 statuens.
1168 1079 1392 1148 dispono
1415 1079 1617 1147 aliquid
1642 1079 1817 1147 operis

111 1149 435 1218 inpensioris
482 1150 568 1202 uel
616 1149 827 1203 consilii
875 1150 1130 1202 facturus
1198 1153 1278 1203 est
1323 1150 1485 1202 etiam
1535 1150 1818 1218 disponere

110 1220 340 1273 foederis
377 1220 612 1285 ineundi,
651 1238 896 1289 propono
934 1238 1338 1289 nonnumquam
1377 1221 1442 1272 ad
1479 1222 1813 1290 interrogan-
1839 1241 1879 1273 15

111 1291 236 1343 dum
262 1291 513 1359 pertinet,
541 1309 753 1360 appono
778 1291 1106 1344 adiectionis
1121 1294 1215 1344 est.
1271 1292 1478 1360 inpono
1504 1291 1814 1344 insinuendi

112 1365 218 1429 est,
257 1379 558 1430 superpono
596 1366 776 1414 autem
801 1362 1030 1430 aliquem
1056 1380 1274 1415 censum
1298 1362 1386 1415 uel
1412 1362 1667 1414 laborem.
1720 1360 1814 1413 VI.

111 1433 425 1500 cuicumque
472 1432 715 1486 indicens
758 1449 1004 1501 propono
1053 1432 1255 1501 aliquid
1299 1432 1608 1502 praeferens
1647 1432 1722 1484 sic
1761 1434 1815 1484 et

111 1505 397 1571 antepono,
464 1521 590 1555 nam
623 1505 889 1572 postpono
925 1503 1055 1555 alias
1091 1503 1318 1556 inferius
1353 1502 1610 1555 iudicans.
1670 1520 1815 1555 com-

109 1590 253 1641 pono
294 1572 482 1625 orandi
519 1576 612 1626 aut
648 1574 844 1642 eloquii
883 1577 977 1626 aut
1013 1574 1225 1627 artificii
1263 1576 1359 1629 est.
1423 1591 1622 1642 sepono
1662 1591 1809 1642 sepa·
1839 1594 1881 1626 20

108 1643 290 1712 randi,
329 1661 571 1712 suppono
610 1644 810 1713 aliquid
847 1645 1034 1697 subtus
1071 1645 1344 1697 inducens,
1420 1644 1630 1712 depono
1670 1643 1812 1696 labe-

108 1713 348 1766 factandi
386 1717 468 1766 est
505 1715 591 1766 uel
628 1716 740 1767 uita
765 1715 1068 1768 excedendi.
1107 1715 1208 1768 EX
1232 1714 1532 1768 EGLOGA
1559 1714 1623 1768 X.
1662 1713 1813 1766 Inter

109 1802 296 1837 uerum
343 1787 396 1836 et
442 1802 570 1837 uero
616 1785 749 1838 duae
787 1788 914 1838 sunt
951 1786 1262 1838 distantiae:
1309 1804 1418 1837 una
1456 1786 1583 1854 quia
1621 1802 1812 1837 uerum

108 1854 457 1924 praepositiui
513 1856 715 1909 ordinis
772 1859 877 1922 est,
933 1874 1058 1909 uero
1114 1856 1468 1909 subiunctiui:
1526 1856 1631 1908 alia
1686 1855 1812 1924 quia

107 1944 293 1978 uerum
333 1927 614 1979 causaliter
649 1944 746 1996 pro
782 1929 965 1980 tamen
999 1927 1251 1994 habetur,
1291 1944 1418 1979 uero
1446 1926 1806 1996 expletionem
1834 1945 1878 1977 25

110 2013 235 2049 suae
259 1999 471 2049 tantum
498 1997 748 2050 stationis
775 1998 1051 2067 accipitur.
1110 1998 1420 2066 frequenter
1446 1997 1687 2050 causales
1713 2014 1809 2065 pro

108 2067 459 2120 rationalibus
505 2071 558 2120 et
596 2068 930 2137 copulatiuae
967 2085 1063 2137 pro
1102 2068 1403 2121 causalibus
1439 2068 1568 2136 poni
1606 2067 1813 2133 solent3

109 2138 247 2190 sicut
285 2137 517 2191 Cicero
566 2144 678 2191 ‘uos
726 2138 930 2192 uicistis
980 2142 1034 2191 et
1072 2138 1145 2190 dii
1182 2156 1277 2191 uos
1315 2139 1605 2191 iuuerunt'.
1683 2154 1810 2205 quo-

108 2208 254 2260 niam
301 2226 398 2276 pro
446 2212 629 2262 tamen
676 2209 913 2278 ponitur.
990 2209 1128 2262 sicut
1176 2209 1455 2262 donatiuas
1509 2207 1809 2277 praetorius

109 2278 185 2331 sic
229 2278 376 2331 fatus
424 2282 506 2332 est
552 2285 896 2349 ‘quamquam
942 2297 1026 2333 me
1075 2282 1348 2344 accusent,
1400 2279 1657 2348 quoniam
1708 2294 1807 2347 ego
1830 2299 1871 2332 30

109 2349 426 2402 auctoritate
459 2349 629 2403 fidens
656 2351 897 2403 omnium
920 2351 1118 2419 probra
1141 2353 1360 2412 temno',
1395 2349 1495 2403 hoc
1522 2352 1605 2402 est
1631 2348 1812 2402 omnia

108 2423 289 2472 tamen
326 2422 524 2473 temno.
597 2420 851 2489 quoniam
897 2422 941 2472 si
988 2420 1092 2473 duo
1139 2422 1302 2473 uerba
1339 2421 1478 2472 circa
1516 2437 1572 2472 se
1610 2419 1811 2471 habeat

108 2489 449 2542 subiunctum
487 2491 653 2558 priori
690 2490 858 2543 faciat
891 2490 1195 2559 Sulpicio
1234 2491 1501 2543 scribente
1540 2490 1811 2542 ‘iurabant

110 2560 363 2628 quoniam
418 2560 797 2629 debellabant’‚
856 2561 945 2614 hic
994 2564 1077 2614 est
1124 2562 1252 2614 ordo
1299 2561 1418 2614 ideo
1465 2560 1812 2613 debellabant

111 2631 363 2699 quoniam
399 2632 663 2685 iurabant.
1831 2643 1874 2679 35

225 2791 249 2829 3
281 2788 446 2842 p‘cum
470 2788 485 2842 ΙΙ
512 2791 561 2829 17
590 2789 656 2830 m.
