1980 3134
766 81 865 127 vn.
912 79 992 125 DE
1023 81 1240 126 UERBo.
1779 87 1843 140 51

151 210 280 277 pute
327 207 384 260 in
431 226 534 277 qua
581 207 822 260 omnium
867 209 1152 261 uerborum
1199 225 1397 279 genera
1443 210 1844 281 intelleguntur,

152 279 343 348 quibus
391 278 630 347 utrisque
674 281 739 344 ,ut
786 278 970 331 amicis
1015 296 1115 331 nec
1156 281 1267 332 tam
1305 281 1650 334 contentiosis
1689 300 1846 351 quam

151 348 399 402 studiosis
453 366 549 417 pro
603 347 810 401 uiribus
866 349 1298 403 satisfaciendum
1353 354 1450 404 est.
1535 352 1706 405 omnis
1754 355 1845 421 qui

150 437 338 490 agrum
386 423 479 472 aut
514 420 846 488 prouinciam
882 420 1181 488 possident,
1231 421 1379 490 prius
1418 439 1535 474 eam
1573 426 1713 475 sorte
1751 424 1843 476 de-

148 491 464 557 terminant,
502 492 564 541 ut
599 490 960 559 unusquisque
996 493 1206 559 partem
1243 509 1395 545 suam
1432 495 1574 546 sorte
1612 493 1715 546 sibi
1752 493 1839 547 de·
1866 509 1887 541 ⁵

124 561 403 614 claratam
459 559 687 613 sollicite
745 565 906 615 curet.
990 561 1070 614 ita
1131 565 1184 614 et
1237 563 1459 616 uerbum
1515 581 1725 633 quoque
1781 582 1845 617 ex

149 630 406 700 qualitate
445 630 759 683 ordiendum
798 634 895 695 est,
934 650 1070 701 quae
1109 650 1178 700 ex
1199 633 1368 686 modis
1393 652 1455 686 ac
1483 634 1671 687 formis
1695 634 1846 688 uelut

148 701 462 770 quibusdam
502 701 660 754 certis
697 702 959 755 limitibus
998 702 1401 758 determinatur.
1474 705 1663 758 modus
1701 706 1844 758 enim

146 790 258 824 non
306 772 438 824 aliut
487 790 647 840 quam
693 775 892 846 certam
940 790 1243 826 mensuram
1290 774 1576 843 significat.
1653 793 1718 828 ex
1759 775 1843 829 his

145 843 323 912 itaque
361 842 529 895 modis
566 845 857 897 tractatum
893 843 1210 913 incipiamus
1247 844 1458 898 habere.
1866 867 1907 901 10

287 913 496 966 Primus
535 917 588 966 et
624 914 948 966 fortissimus
974 915 1294 968 indicatiuus
1319 916 1643 984 nominatur,
1684 934 1842 985 quem

146 987 350 1038 rectum
399 1002 463 1037 ex
510 985 758 1037 omnibus
794 985 950 1037 multi
988 988 1208 1053 uocant,
1258 989 1462 1039 ceteros
1509 990 1687 1039 autem
1723 1005 1841 1055 pro·

146 1055 329 1109 cliuos,
413 1056 500 1108 hic
562 1056 707 1108 solus
763 1073 827 1108 ex
888 1056 1135 1109 omnibus
1188 1057 1487 1110 testimonii
1535 1059 1695 1126 caput
1741 1057 1842 1109 sibi

150 1126 403 1179 uindicat.
479 1126 568 1180 hic
607 1130 784 1180 autem
831 1128 897 1179 ob
939 1126 1042 1179 hoc
1079 1126 1407 1180 indicatiuus
1447 1127 1666 1195 dicitur,
1716 1128 1842 1196 quia

146 1201 200 1250 et
236 1215 373 1267 quae
421 1200 540 1250 acta
576 1200 702 1250 sunt
739 1200 793 1250 et
830 1215 962 1267 quae
1002 1200 1235 1267 aguntur
1273 1201 1326 1251 et
1363 1216 1499 1267 quae
1538 1199 1841 1269 agebuntur
1863 1219 1904 1251 15

144 1286 238 1337 per
285 1270 462 1337 ipsum
508 1268 813 1321 indicantur
850 1272 909 1321 ut
944 1270 1068 1321 mido
1105 1269 1295 1322 uidaui
1330 1269 1541 1323 uidabo.
1615 1270 1838 1338 impera-

143 1340 287 1392 tiuus
326 1339 587 1392 secundus
625 1343 730 1408 est,
781 1357 878 1408 per
914 1356 1071 1407 quem
1111 1357 1267 1392 omne
1306 1340 1448 1408 quod
1486 1339 1628 1392 effici
1666 1339 1838 1407 debet,

143 1410 436 1478 imperatur
484 1413 544 1463 ut
598 1411 747 1465 uida.
836 1409 980 1462 hunc
1033 1410 1192 1463 etiam
1247 1410 1404 1462 multi
1458 1413 1738 1463 assumunt
1783 1411 1840 1462 in

144 1481 335 1551 capite,
376 1481 524 1550 quasi
563 1481 706 1534 hunc
733 1480 895 1534 Cato
933 1480 1226 1533 indicatiuo
1265 1481 1421 1533 modo
1458 1480 1718 1550 praeferri
1756 1481 1841 1534 de-

143 1551 267 1604 bere
304 1551 597 1616 iudicabat,
639 1551 1024 1620 Propertius
1063 1551 1343 1604 dumtaxat
1379 1553 1437 1603 in
1474 1552 1686 1621 plural'i.
1744 1552 1834 1604 sed
1860 1572 1902 1606 20

256 1711 296 1751 3.
326 1706 384 1760 cf.
415 1706 532 1751 Eoec.
569 1706 706 1751 Rern.
738 1709 843 1759 196,
873 1709 957 1751 29:
1007 1706 1135 1749 Dicit
1163 1705 1410 1762 Virgilius:
1458 1705 1550 1750 Cur
1587 1706 1636 1748 in
1676 1706 1838 1750 ordine

142 1763 393 1806 verborum
425 1763 626 1818 qualitas
655 1764 859 1818 primum
888 1763 1110 1818 ponitur?
1159 1761 1331 1807 Omnes
1394 1762 1444 1805 ui
1466 1776 1632 1819 agrum
1652 1775 1712 1805 an
1716 1775 1839 1860 dprffi

143 1819 339 1863 vintiam
384 1819 636 1876 possedent
673 1845 727 1851 —
766 1819 855 1863 sibi
901 1819 1026 1862 sorte
1065 1844 1120 1850 —
1158 1818 1355 1863 ordinan
1391 1833 1471 1861 um
1508 1819 1582 1863 est
1620 1832 1712 1874 quo

141 1875 371 1919 limitibus
401 1902 454 1907 —
486 1875 616 1920 aliud
645 1902 700 1907 -—
730 1875 974 1932 significat.
1095 1879 1160 1918 11.
1192 1875 1305 1919 ibid.
1339 1878 1443 1930 197,
1475 1877 1523 1918 3:
1570 1873 1752 1918 Primus
1792 1878 1841 1918 et

141 1931 420 1976 fortissimus
456 1958 510 1965 —
548 1932 767 1976 vendicat
805 1932 864 1976 ob
902 1931 991 1975 hoc
1026 1956 1081 1963 —-
1117 1933 1318 1988 agentur
1352 1957 1406 1962 —
1442 1930 1631 1976 vidabo.
1689 1930 1755 1973 im
1793 1944 1838 1974 e-

142 1990 318 2033 rativus
350 2014 401 2021 —
432 1988 568 2033 omne
592 2006 622 2044 3
652 1987 786 2033 effeci
821 2013 874 2020 —
909 1987 1067 2032 vidam
1105 2013 1157 2019 —
1193 1988 1458 2031 adsumunt.
1618 1992 1685 2032 18.
1769 2000 1838 2032 xe.

141 2045 292 2090 Nanc.
316 2058 366 2100 p.
398 2048 475 2090 192
517 2079 528 2091 .
553 2080 563 2090 .
584 2079 595 2089 .
618 2045 743 2100 quod
774 2044 898 2089 effici
928 2071 979 2077 —
1011 2046 1066 2088 ut
1096 2058 1216 2088 ama.
1273 2044 1397 2087 hunc
1430 2044 1575 2088 etiam
1607 2045 1655 2087 et
1683 2043 1732 2087 in
1762 2056 1838 2087 ca-

142 2101 241 2157 pite
272 2102 527 2145 testimonii
556 2103 694 2146 multi
723 2101 989 2145 adsumunt.

257 2248 282 2286 2
313 2242 480 2298 quibus
510 2245 593 2287 sat.
625 2243 681 2287 N
696 2245 711 2299 ΙΙ
732 2248 760 2286 4
788 2242 1040 2299 possedent
1068 2243 1133 2295 P,
1164 2240 1528 2298 possidetsssJN
1544 2241 1559 2295 ΙΙ
1581 2240 1730 2283 sorte*
1753 2242 1837 2293 (m)

142 2301 188 2343 P
209 2300 224 2354 ΙΙ
247 2299 549 2356 determinat]
583 2300 620 2354 t2
649 2300 702 2343 in
730 2312 820 2344 ras.
850 2299 907 2343 N
928 2300 944 2355 ss
975 2299 1046 2342 5f.
1079 2297 1551 2342 sorte—declaratam
1582 2308 1666 2340 om.
1697 2295 1753 2340 N
1775 2297 1838 2352 116

145 2385 211 2439 et]
255 2396 309 2428 ex
346 2368 401 2427 ut
429 2384 474 2427 Ρ
500 2384 519 2440 ιι
547 2389 570 2427 7
602 2365 751 2442 mssdis
781 2383 826 2426 Ρ
847 2384 864 2439 ιι
887 2387 910 2426 7
939 2382 1141 2438 primum
1172 2395 1229 2425 ex
1257 2380 1407 2424 modis
1430 2394 1484 2424 ac
1505 2380 1667 2424 formis
1686 2379 1837 2424 Neet.

143 2481 227 2512 om.
249 2469 264 2524 ΙΙ
287 2473 312 2512 8
342 2451 511 2511 ωοάἶῖε
527 2467 572 2510 P
592 2468 609 2523 ss
631 2467 694 2511 9f.
713 2467 1000 2510 ex-—habere
1018 2478 1101 2511 om.
1117 2465 1173 2510 N
1187 2467 1203 2522 ΙΙ
1227 2470 1277 2529 ,11
1299 2465 1542 2509 limetibus
1557 2465 1639 2529 Ru
1662 2464 1837 2530 indica-

143 2524 236 2568 tius
252 2525 297 2568 P
318 2525 333 2579 ΙΙ
357 2529 408 2566 12
420 2521 623 2582 ceteri}
637 2522 836 2579 proclivi
853 2524 957 2565 sunt
974 2521 1028 2565 N
1044 2523 1059 2578 ΙΙ
1085 2527 1136 2566 13
1153 2521 1262 2565 solis
1278 2522 1324 2565 P
1344 2522 1360 2577 ΙΙ
1380 2521 1652 2564 testimonla
1666 2520 1726 2576 Ρ,
1734 2535 1769 2577 1³
1785 2534 1839 2565 m

141 2622 234 2653 ras.
255 2608 311 2653 N
326 2609 341 2664 11
363 2608 451 2651 sibi
476 2608 617 2664 caput
638 2607 693 2650 N
709 2608 724 2662 ΙΙ
749 2611 801 2650 14
827 2606 1045 2650 vendicat
1058 2607 1122 2673 P}
1144 2607 1159 2662 ΙΙ
1179 2605 1255 2649 hic
1271 2606 1429 2650 autem
1445 2617 1528 2649 om.
1548 2604 1604 2649 N
1620 2606 1636 2662 ss
1660 2608 1711 2649 15
1734 2588 1838 2655 act&

141 2695 188 2738 P
209 2695 225 2750 ιι
247 2693 520 2758 ἣςεηιωιρω
537 2694 613 2747 (en
635 2692 688 2755 m
704 2693 815 2746 ras.)
835 2691 921 2747 Νιι
946 2695 997 2735 16
1017 2678 1118 2755 ips&
1147 2690 1234 2747 Νιι
1255 2689 1476 2734 vividabo
1506 2690 1560 2734 N
1584 2691 1600 2746 ιι
1624 2693 1675 2733 16
1691 2689 1722 2733 f.
1754 2689 1838 2732 im-

143 2751 384 2806 perat1vus
421 2751 496 2805 (m
525 2750 638 2803 ras.)
668 2747 775 2792 ideo
807 2761 898 2803 quo
930 2747 1052 2791 effim
1085 2750 1126 2804 (c
1156 2760 1213 2792 σω
1242 2748 1287 2802 o)
1317 2746 1373 2792 N
1395 2747 1411 2803 ΙΙ
1445 2750 1494 2790 18
1524 2746 1838 2790 hunc—acce-

143 2847 256 2890 pere
287 2846 367 2878 om.
400 2833 456 2878 N
470 2834 485 2890 ΙΙ
507 2833 621 2876 muli
651 2834 697 2877 P
718 2835 734 2889 ΙΙ
756 2837 810 2878 ’20
838 2833 937 2888 imp
956 2806 1156 2876 ‹leezriale
1187 2832 1246 2875 P.

1527 2902 1585 2944 4*
