1980 3134
194 58 294 110 120
571 55 823 100 VIRGILII
853 54 1130 100 MARONIS
1160 55 1501 101 EPISTOLAE.

189 183 508 250 masculine,
556 201 674 235 cum
713 183 813 234 hoc
851 184 1056 234 ueteres
1091 199 1191 234 nec
1226 182 1513 234 habuerint
1548 183 1606 234 in
1642 201 1739 235 usu
1778 202 1878 236 nec

189 254 405 305 omnino
442 253 722 305 audierint.
775 252 924 304 nulla
972 253 1114 303 enim
1159 253 1371 304 ratione
1419 252 1632 304 defendi
1679 258 1876 322 potest,

191 324 331 392 quod
369 323 481 375 sola
516 326 729 375 tantum
768 321 1150 374 consuetudine
1188 323 1463 375 obtentum
1503 326 1607 389 est,
1661 323 1751 374 sed
1788 323 1876 376 hic

187 411 300 446 mos
336 394 494 445 modo
533 393 590 444 in
629 395 744 444 toto
785 410 920 460 pene
946 394 1204 444 terrarum
1231 393 1358 444 orbe
1384 392 1552 456 ualet,
1593 395 1654 444 ut
1678 392 1878 446 relictis

144 483 165 515 5
185 464 483 515 rationibus
519 463 763 514 ueritatis
801 462 914 514 sola
952 463 1279 515 consuetudo
1315 481 1413 531 pro
1452 480 1579 515 uero
1616 465 1872 515 teneatur.

187 533 278 585 sed
326 550 394 585 ne
431 533 652 601 longum
689 532 852 584 facies
892 534 1149 584 sermonis
1186 533 1620 599 fundamentum,
1670 533 1875 585 caelum
1915 550 1917 553 ⁴

185 606 313 671 aput
347 605 552 655 ueteres
590 597 904 654 neutraliter
939 603 1162 654 nubium
1198 602 1415 671 globum
1452 603 1743 671 significat,
1784 603 1876 672 qui

186 674 353 725 solem
389 673 571 724 lunam
610 674 895 741 stellasque
936 673 1140 724 caelare
1178 673 1336 739 solet,
1375 677 1429 725 et
1465 674 1626 724 habet
1663 673 1721 724 in
1757 674 1873 741 plu·

182 743 280 794 rali
315 760 538 795 numero
572 744 717 796 caela
764 742 882 795 Sus
888 743 1139 811 phonia
1175 742 1386 795 Hebreo
1426 744 1692 795 scribente
1738 747 1873 796 tene-

119 832 160 864 ιο
184 814 339 867 brosa
388 813 594 867 caelant
641 814 785 866 caela
837 814 966 866 caeli
1024 814 1271 880 clara-que
1318 818 1636 880 consumunt
1681 814 1873 866 sidera.

182 884 313 936 caeli
362 891 541 935 autem
588 884 782 935 summi
829 883 1103 935 habebunt
1147 884 1204 934 in
1241 884 1501 950 singulari
1538 883 1872 936 nominatiuo

181 954 353 1007 caelus
389 953 682 1006 masculino
719 971 940 1022 genere3
979 954 1118 1005 sicut
1157 957 1208 1005 et
1242 957 1422 1005 noster
1459 952 1691 1006 Cicero
1729 954 1875 1005 canit

180 1024 353 1077 caelus
398 1025 485 1077 ille
527 1024 757 1077 eleuatus
801 1026 923 1076 uisu
972 1024 1271 1076 carnalium
1318 1027 1471 1076 caret.
1546 1024 1638 1090 qui
1676 1023 1871 1091 caelus,

182 1094 305 1162 quia
352 1112 383 1145 a
430 1093 741 1146 celsitudine
793 1094 1079 1161 diriuatur,
1127 1093 1447 1164 aspiratione
1502 1093 1694 1162 dignus
1743 1094 1870 1146 erit:

117 1186 158 1219 15
181 1166 235 1215 at
272 1164 434 1216 celum
471 1164 613 1232 quod
651 1164 715 1215 de
753 1165 963 1216 celando
1002 1164 1221 1231 dicitur,
1275 1164 1639 1232 diptongicam
1675 1162 1873 1216 habere

179 1251 289 1285 non
326 1236 526 1301 poterit
548 1235 900 1303 dignitatem.
957 1251 1115 1286 omne
1153 1251 1279 1302 ergo
1307 1251 1504 1285 nomen
1529 1252 1636 1285 uno
1665 1251 1873 1302 semper

180 1321 373 1372 genere
411 1305 646 1372 potietur
685 1308 738 1356 et
774 1322 1066 1372 numquam
1103 1304 1159 1356 in
1197 1304 1342 1355 aliud
1381 1322 1443 1355 ex
1470 1303 1575 1356 alio
1601 1304 1868 1357 transibit.

180 1374 408 1442 denique
447 1378 500 1426 et
536 1375 594 1426 in
633 1374 736 1426 hoc
774 1379 982 1438 errant,
1026 1373 1164 1442 quod
1199 1375 1384 1427 sibilus
1406 1375 1593 1439 sibila,
1632 1378 1870 1428 tartarus

177 1448 387 1497 tartara
425 1445 526 1496 dici
569 1445 766 1512 duplici
805 1447 859 1496 et
894 1448 955 1496 ut
990 1445 1066 1496 ita
1104 1444 1275 1496 dicam
1302 1444 1462 1496 dubio
1491 1461 1645 1511 posse
1672 1461 1867 1513 genere

113 1538 156 1570 20
178 1517 481 1566 nostrorum
526 1515 745 1583 plurimi
792 1515 1134 1568 arbitrantur.
1195 1532 1321 1566 nam
1370 1515 1555 1567 sibilus
1591 1516 1727 1566 aeris
1769 1515 1871 1566 erit

179 1585 263 1636 uel
303 1587 565 1653 serpentis
603 1586 691 1637 uel
728 1585 1005 1650 foliorum,
1046 1588 1099 1637 et
1134 1585 1298 1637 habet
1333 1586 1388 1636 in
1427 1583 1622 1652 plurali
1647 1602 1867 1639 numero

174 1655 317 1707 sibili
362 1656 661 1723 sibilorum,
710 1658 764 1707 et
807 1655 1041 1724 reliquos
1090 1673 1272 1707 omnes
1310 1673 1504 1707 cassus.
1567 1659 1623 1706 at
1657 1655 1870 1708 sibilum

174 1725 490 1777 neutraliter
525 1725 758 1778 hominis
797 1725 1075 1778 dicendum
1117 1729 1218 1792 est,
1256 1725 1393 1794 quod
1430 1724 1638 1776 trifario
1677 1725 1868 1778 solum-

174 1795 331 1846 modo
372 1813 522 1847 cassu
561 1799 871 1848 contentum
910 1800 991 1847 est
1032 1799 1092 1846 ut
1127 1796 1285 1849 sibila
1320 1796 1478 1848 sibila
1513 1796 1697 1861 sibila,
1747 1796 1868 1847 reli-

110 1889 152 1920 25
175 1865 291 1932 quis
339 1883 631 1934 numquam
679 1867 737 1917 in
775 1884 873 1917 usu
909 1865 1121 1918 habitis.
1183 1866 1258 1918 sic
1308 1866 1469 1917 etiam
1515 1883 1633 1917 cum
1674 1865 1869 1917 dicitur

176 1939 444 2002 tartarus,
491 1936 666 1987 omnis
713 1936 862 1988 locus
911 1935 1236 2004 generaliter
1270 1936 1517 2003 fragosus
1556 1953 1618 1986 ac
1657 1935 1865 1987 dificilis

177 2005 349 2069 adita,
391 2006 685 2058 masculino
725 2023 918 2075 genere
954 2006 1235 2074 pluraliter
1272 2005 1515 2057 dicentur
1551 2006 1775 2073 tartari,
1815 2008 1868 2057 et

171 2075 366 2143 reliqui
415 2077 573 2128 solito
621 2093 765 2127 more
813 2093 1012 2128 cassus:
1070 2079 1336 2129 tartarum
1382 2080 1556 2126 autem
1610 2075 1865 2140 neutrale,

172 2145 312 2213 quod
359 2146 521 2198 solius
567 2146 767 2197 inferni
812 2149 917 2209 est,
965 2146 1023 2197 in
1069 2145 1263 2214 plurali
1300 2163 1521 2197 numero
1557 2145 1719 2196 habet
1755 2149 1865 2197 tar-

110 2236 152 2270 30
174 2220 298 2268 tara
335 2220 545 2269 tartara
582 2220 793 2270 tartara
829 2215 1047 2284 reliquis
1077 2216 1314 2268 nondum
1339 2215 1584 2283 receptis,
1647 2217 1737 2267 sed
1763 2215 1867 2268 hoc

173 2286 280 2338 fine
319 2286 578 2338 cludenda
615 2286 841 2354 epistola
879 2290 974 2338 est.

489 2496 577 2595 Ψ
891 2495 1071 2595 ἐφ’
1095 2495 1445 2595 {0231sz
1476 2494 1583 2594 Ψ
1602 2495 1692 2594 ¹¹32
1724 2493 1782 2592 a}
1812 2494 1869 2538 N

193 2551 199 2605 Ι
240 2552 822 2665 {13lac1i3id2ndaUNssaestl
845 2552 1066 2663 anprllNS.)
1131 2564 1159 2594 a
1194 2565 1219 2595 e
1273 2558 1316 2605 (e
1348 2565 1405 2595 ex
1431 2551 1465 2605 l)
1566 2551 1582 2606 Η
1604 2557 1628 2595 3
1686 2563 1746 2593 no
1782 2565 1862 2593 um
